2900 4628
539 161 725 250 380·
960 157 1616 228 HVGON'IS
1724 158 2248 227 GROT11

282 308 317 353 1
329 304 366 376 5
372 306 411 374 9
417 307 484 372 9,
540 269 792 341 dixerat
812 298 831 355 3
855 268 931 338 δε
950 321 971 355 ,
995 292 1157 339 mox
1175 264 1424 341 'sublato
1446 288 1650 355 metu,
1673 287 1892 365 egerat
1958 270 2173 353 ratias,
2189 263 2318 336 *nec'
2339 264 2505 337 ultra
2574 267 2714 336 uic·
2748 289 2754 292 ·

543 387 740 461 quam
764 386 784 430 ε
814 360 971 432 dum
990 364 1227 462 potens
1246 365 1568 434 exercitus
1589 417 1611 447 ‚
1645 360 1813 434 duce
1831 366 1883 433 E
1935 365 2085 431 exio
2107 413 2128 446 ,
2152 359 2487 432 Hiberniae
2534 361 2715 456 ylvas

545 482 623 528 ac
645 454 905 553 paludes
933 460 1005 525 δι
1031 456 1251 527 ultima
1273 455 1582 527 libertatis
1603 452 1871 554 suffugia
1892 455 2172 542 discutit,
2192 473 2432 526 conatu
2452 475 2582 549 qua
2601 477 2719 548 pu-

549 551 745 636 blice,
760 573 890 646 qua
969 553 1220 621 rivatim
1240 554 1452 621 minus
1474 548 1683 621 felici:
1710 555 1957 661 quippe
1975 548 2188 635 ferox,
2209 571 2408 645 quam
2430 547 2719 645 prudens

537 646 793 736 juvenis
825 698 845 730 ‚
897 572 973 713 g
995 646 1061 714 in
1082 643 1408 729 difficilem
1438 650 1844 752 provinciam
1863 649 2276 714 mimicorum
2295 640 2430 712 astu
2449 637 2716 735 missus,

546 760 669 836 per
702 736 1245 838 ignaraxlocorum
1269 738 1487 808 multis
1509 737 1795 810 cladibus
1816 743 2100 835 acceptis
2121 750 2141 823 5
2171 736 2394 834 ‘paffls
2415 759 2569 805 cum
2589 740 2718 806 ‘ri-

525 850 721 905 ·rono
738 832 1011 902 induens
1037 885 1058 916 ,
1091 828 1353 925 injussus
1373 855 1523 901 cum
1545 832 1816 904 domum
1835 833 2071 904 rediret
2090 885 2112 917 ,
2138 832 2502 926 Reginam,
2527 852 2564 898 a
2585 853 2716 925 qua

546 947 698 997 ante
735 925 981 997 abitum
1025 930 1191 996 inter
1209 924 1694 1023 disceptandum
1718 926 1928 1026 palma
1954 925 2322 999 verberatus
2342 977 2363 1009 ,
2411 925 2715 1019 injuriam

548 1020 717 1092 hanc
734 1022 1169 1117 impatientius
1187 1073 1208 1107 ‚
1249 1031 1446 1116 quam
1468 1023 1628 1091 utin
1649 1043 1855 1130 regno
1878 1074 1901 1108 ,
1940 1019 2174 1091 tulerat
2190 1072 2210 1107 ,
2231 1017 2293 1089 se
2315 1014 2577 1088 absente
2599 1039 2715 1114 pet

550 1115 988 1187 aemulantium
1025 1108 1352 1185 sermones
1373 1116 1864 1210 &improvidas
1902 1120 2258 1184 amicorum
2280 1111 2501 1183 laudes
2523 1111 2713 1181 dura-

234 1212 520 1298 pffegciusge
552 1229 685 1280 tam
712 1204 1040 1279 adversum
1075 1202 1137 1277 st
1169 1210 1235 1278 in
1272 1206 1657 1306 suspiciones
1682 1214 1756 1279 δε
1777 1228 2022 1300 metum
2040 1210 2325 1293 invenit,
2372 1206 2718 1301 statimque

224 1302 280 1369 ‘3⁸
293 1285 522 1410 ‘'zm'‘
553 1301 823 1387 reusfit,
848 1306 925 1370 δε
945 1298 1320 1374 custodibus
1340 1300 1637 1375 traditur.
1685 1303 1951 1373 Afflicto
1965 1303 2209 1396 juveni,
2227 1305 2331 1370 cui
2348 1323 2386 1371 e
2409 1298 2588 1370 bello
2606 1300 2718 1371 de-

232 1355 473 1486 ffmssff
558 1420 697 1483 cus,
720 1400 894 1492 pacis
913 1393 1211 1465 au&orcs
1230 1397 1636 1493 praevaluere.
1687 1398 2007 1468 Indicium
2029 1418 2115 1466 eo
2140 1396 2506 1467 inclinantis
2527 1397 2721 1490 regiae

218 1500 390 1580 strata
405 1542 427 1581 ³.
448 1495 521 1555 in-
555 1492 680 1562 fuit
707 1544 728 1578 ‚
752 1486 1106 1560 illaceffitus
1123 1493 1282 1561 mari
1288 1490 1435 1574 His
1508 1515 1652 1579 nus,
1674 1495 2019 1587 vet-iraeque
2036 1489 2299 1560 aliarum
2317 1491 2619 1587 gentium
2640 1508 2721 1558 eo

222 1571 476 1701 {gusua
555 1586 1060 1656 commeantium
1085 1583 1341 1681 praedae.
1411 1513 1541 1657 ξὲό
1561 1584 1778 1684 preffit
1796 1583 2129 1655 confilium
2150 1585 2256 1653 Re
2308 1586 2434 1668 'na,
2454 1580 2621 1653 dum
2641 1581 2722 1654 ab

233 1661 420 1771 redigam
447 1732 523 1770 cu-
557 1679 770 1752 bostili
802 1676 994 1773 classe
1026 1698 1236 1749 metus
1262 1731 1284 1765 ,
1380 1702 1702 1776 uanquam
1727 1676 1939 1750 missus
1960 1605 2391 1775 Bruxellaffeg
2421 1696 2526 1746 tus
2547 1674 2725 1747 secu-

152 1844 157 1849 .
222 1784 383 1870 stqdiae
417 1801 525 1844 tra-
556 1798 693 1846 ram
728 1770 855 1844 esse
888 1771 1146 1867 jusserat
1175 1827 1196 1859 ,
1241 1770 1342 1843 fru
1400 1798 1468 1844 ra
1492 1774 1662 1873 apud
1677 1770 2058 1871 suspicacem
2079 1776 2155 1841 δε
2176 1769 2398 1841 talium
2419 1770 2724 1842 incredu-

232 1857 391 1941 duur:
558 1871 708 1943 lam.
782 1871 936 1939 Nec
958 1888 1173 1938 tamen
1191 1870 1323 1939 hoc
1343 1874 1553 1965 minus
1573 1871 1778 1966 palam
1801 1891 1956 1942 mox
1975 1864 2338 1939 Ordinibus
2355 1864 2718 1962 fignificat,

233 1930 413 2057 :ingan
434 1940 530 2056 {a}
564 1969 760 2035 &An
812 1962 886 2049 lis
913 1962 995 2033 ad
1023 1982 1444 2034 mercaturam
1464 1986 1619 2061 pace
1634 1986 1798 2060 opus
1824 2017 1846 2050 ‚
1885 1967 1961 2033 &
1983 1961 2097 2034 fibi
2123 2015 2144 2047 ,
2170 1981 2242 2032 ut
2262 1957 2558 2039 adversus
2581 1958 2720 2056 spes

235 2072 318 2129 Ειι·
334 2073 439 2129 abet
476 2091 510 2128 a
556 2064 773 2157 impr-o
859 2081 889 2127 s
915 2061 990 2126 δε
1006 2054 1269 2149 senectae
1288 2057 1412 2128 suae
1430 2056 1794 2131 infidiantes
1805 2079 2085 2153 regnum
2101 2054 2449 2127 stabiliret:
2483 2076 2607 2126 nec
2624 2075 2725 2124 ta·-

140 2204 143 2205 ν
235 2144 499 2227 lfoe‘ssmff‘
558 2179 706 2224 men
734 2152 846 2246 ipsi
869 2148 1224 2223 deficerent
1241 2160 1500 2238 animo,
1523 2149 1630 2223 sed
1650 2152 2053 2223 Austriacum
2071 2155 2152 2222 δε
2173 2147 2496 2224 Gallicum
2512 2154 2717 2244 impe-

233 2214 510 2307 [xgmficas4
556 2252 722 2319 rium
744 2270 826 2317 ex
845 2267 1036 2342 aequo
1056 2251 1328 2319 vitantes
1349 2301 1370 2334 ,
1393 2245 1439 2319 fi
1459 2250 1734 2319 amicam
1757 2244 1818 2318 st.
1838 2246 2073 2320 vellent
2097 2300 2118 2333 ,
2153 2247 2501 2317 retinerent
2515 2241 2715 2312 liber-

552 2363 751 2414 tatem
777 2394 797 2425 ,
834 2359 943 2411 aut
963 2340 1327 2412 domestico
1348 2345 1639 2439 principe
1661 2340 2162 2438 Rempublicam
2182 2357 2479 2438 regerent
2508 2360 2534 2412 z,
2563 2340 2720 2407 otio
2761 2366 2766 2369 ·

554 2434 617 2509 se
633 2435 956 2506 fruentem
973 2435 1170 2506 multa
1188 2458 1335 2530 quae
1354 2460 1526 2506 nunc
1548 2436 1812 2531 poscere
1832 2457 2177 2533 cogeretur
2193 2458 2279 2506 ex
2299 2431 2472 2505 facili
2492 2427 2722 2530 suppess
2806 2434 2814 2445 '

551 2532 923 2602 ditatutam.
993 2527 1211 2599 Altera
1235 2531 1371 2624 jam
1393 2528 1658 2601 societas
1689 2524 2012 2603 labascens
2084 2533 2347 2601 uantum
2371 2525 2724 2626 plerosque

550 2629 805 2695 animos
842 2627 1235 2721 permoverit
1263 2677 1284 2709 ,
1330 2624 1632 2718 conjeciu
1669 2624 1840 2696 haud
1859 2624 2057 2696 diffici
2081 2647 2120 2695 e
2157 2648 2177 2693 ε
2221 2629 2295 2693 &
2319 2621 2722 2692 accedebant

433 2722 446 2734 '
551 2720 946 2791 tentamenta
964 2719 1048 2789 ab
1071 2723 1470 2814 Imperatore
1494 2773 1514 2805 ,
1550 2722 1661 2815 qui
1686 2723 1860 2815 pacis
1882 2716 2157 2792 suasores
2184 2721 2417 2790 iterum
2438 2715 2723 2806 destina-

281 2851 411 2907 pm
463 2849 528 2906 ab
556 2814 693 2886 bat.
764 2816 817 2884 F
819 2818 949 2886 orti
982 2834 1197 2883 tamen
1232 2812 1505 2885 confilio
1532 2866 1553 2900 ‚
1603 2820 1973 2909 priusquam
1997 2811 2159 2884 fines
2184 2811 2378 2909 legati
2398 2807 2674 2906 adissent
2698 2863 2721 2898 ‚

239 2929 532 3004 zmpqraesore
558 2908 808 3004 scriptae
823 2910 1024 2980 literae
1045 2960 1066 2993 ,
1158 2911 1288 2978 ucis
1310 2909 1740 2992 monebantur
1756 2902 2010 3005 parcere
2034 2905 2244 2977 inutili¹
2261 2926 2487 3001 operae
2514 2928 2534 2972 :
2560 2927 2722 3000 qua-

239 2995 390 3070 ,ng-yos
407 2996 528 3070 fica·
556 3029 640 3095 re⁴
694 3027 873 3073 acem
893 3001 1093 3072 fidam
1138 3026 1361 3100 perare
1385 3026 1519 3074 non
1543 3001 1822 3095 possent,
1845 2998 2161 3073 ostensum
2183 2998 2380 3095 saepe:
2403 3022 2526 3069 nec
2547 3021 2722 3069 nuuc

226 3066 533 3199 ξᾶξὲαἴζζ,
558 3126 595 3171 e
648 3122 683 3169 e
716 3121 831 3168 cur
898 3097 1174 3168 rioribus
1190 3094 1494 3173 consultis
1514 3096 1899 3168 decederent
1922 3149 1942 3181 ‚
1978 3093 2094 3166 nifi
2111 3092 2285 3165 forte
2306 3117 2425 3192 per
2441 3097 2722 3166 Germa-

559 3199 731 3268 niam
754 3122 1008 3278 scellera,
1034 3196 1106 3262 δε
1129 3192 1474 3287 abruptum
1497 3214 1614 3289 perw
1639 3189 1893 3261 fraudes
1909 3192 2011 3285 jus
2042 3191 2617 3275 commerciorum,
2643 3191 2720 3257 δε

556 3289 714 3361 falso
735 3288 1175 3359 Archiducum
1198 3291 1464 3372 nomine
1483 3285 1748 3383 Hispani
1776 3284 2096 3382 Belgicam
2118 3302 2440 3368 tenentes,
2459 3305 2588 3380 pro
2611 3306 2720 3378 pa-

554 3390 649 3455 cis
669 3385 1088 3478 hortamentis
1112 3384 1247 3472 acci
1339 3402 1581 3451 rentur.
1645 3386 1740 3452 Ita
1773 3378 2082 3476 sapienter
2100 3373 2424 3453 sermones
2446 3398 2720 3474 quoque

263 3503 527 3562 Hollaendot
555 3482 766 3563 vitati,
787 3479 1124 3575 praecipuis
1142 3403 1417 3546 aude‘ndi
1436 3476 1806 3545 auRoribus
1829 3472 2169 3546 Hollandis
2207 3497 2228 3540 :
2273 3477 2386 3570 qui
2408 3477 2482 3542 &
2501 3471 2721 3566 dupli·

240 3577 478 3653 upimio-
550 3592 697 3644 ¹cata
725 3575 792 3641 in
812 3596 1049 3642 annum
1068 3568 1436 3667 sequentem
1459 3594 1540 3642 ex
1561 3568 1748 3641 censu
1767 3561 2157 3664 capitatione
2179 3571 2480 3665 praeivere
2499 3562 2719 3660 sociis,

240 3668 356 3705 Μ’
380 3667 463 3774 4³³⁶
475 3718 534 3773 li-
559 3665 984 3748 renitentibus
1012 3719 1031 3752 ‚
1079 3686 1189 3735 aut
1207 3666 1289 3737 ad
1310 3664 1698 3762 sequendum
1717 3665 1938 3736 tardis·
2006 3660 2276 3733 Zelandi
2300 3667 2578 3742 maxime
2599 3658 2720 3730 de-

237 3722 395 3850 23ss
442 3793 529 3847 κῆ
560 3760 896 3858 fugiebant
916 3805 936 3844 ,
960 3783 1127 3833 nova
1149 3758 1381 3830 damna
1401 3813 1419 3845 ,
1439 3765 1741 3855 proprios
1757 3759 1998 3831 'sumtus
2020 3755 2379 3829 attollendo
2399 3788 2420 3841 3
2447 3759 2522 3826 δε
2542 3779 2577 3825 a
2630 3753 2717 3825 ud

240 3865 384 3925 mdc
416 3867 491 3937 se·
557 3854 1090 3929 Transrhenanos
1133 3851 1344 3951 longae
1382 3853 1684 3950 ambages
1722 3909 1742 3941 ,
1791 3854 1944 3924 dnm
1982 3876 2127 3948 pars
2162 3854 2384 3948 g‘ratiae
2415 3873 2596 3947 popu
2626 3852 2717 3918 ari

240 3954 478 4014 ‘imm
553 3976 750 4049 quam
772 3947 1041 4045 publico
1061 3948 1336 4033 student,
1359 3969 1468 4021 aut
1484 3971 1685 4019 onera
1701 3948 1999 4033 laudant,
2022 3945 2137 4018 fibi
2159 3949 2436 4042 quisque
2456 3946 2619 4016 levia
2644 3947 2722 4028 δε,

274 4047 307 4062 ’Ν
552 4052 618 4119 in
636 4051 890 4136 ‘viciuos
919 4042 1156 4116 casura.
1193 4048 1391 4115 Erant
1408 4048 1664 4141 quince
1687 4038 2064 4132 tacerent,se
2077 4038 2560 4139 quiescentibus
2573 4039 2718 4130 aliis

2490 4155 2715 4208 tamen

224 4319 387 4397 ²²⁵³.
