<?xml version="1.0" encoding="UTF-8"?>
<!DOCTYPE html PUBLIC "-//W3C//DTD XHTML 1.0 Transitional//EN"
    "http://www.w3.org/TR/xhtml1/DTD/xhtml1-transitional.dtd">
<html xmlns="http://www.w3.org/1999/xhtml" xml:lang="en" lang="en">
 <head>
  <title>
</title>
<meta http-equiv="Content-Type" content="text/html;charset=utf-8" />
  <meta name='ocr-system' content='tesseract 3.04.00' />
  <meta name='ocr-capabilities' content='ocr_page ocr_carea ocr_par ocr_line ocrx_word'/>
</head>
<body>
  <div class='ocr_page' id='page_1' title='image "./annalesethistor00grotgoog_0441.png"; bbox 0 0 2900 4628; ppageno 0'>
   <div class='ocr_carea' id='block_1_1' title="bbox 360 136 2279 270">
    <p class='ocr_par' dir='ltr' id='par_1_1' title="bbox 360 136 2279 270">
     <span class='ocr_line' id='line_1_1' title="bbox 360 136 2279 270; baseline -0.001 -27"><span class='ocrx_word' id='word_1_1' title='bbox 360 136 1482 256; x_wconf 59' lang='lat' dir='ltr'>‚iiis‘ronran&#39;vM</span> <span class='ocrx_word' id='word_1_2' title='bbox 1583 176 1832 245; x_wconf 76' lang='lat' dir='ltr'>Llss.</span> <span class='ocrx_word' id='word_1_3' title='bbox 1908 176 1995 244; x_wconf 83' lang='lat' dir='ltr'>x.</span> <span class='ocrx_word' id='word_1_4' title='bbox 2146 199 2279 270; x_wconf 76' lang='lat'>409</span> 
     </span>
    </p>
   </div>
   <div class='ocr_carea' id='block_1_2' title="bbox 109 275 2582 4247">
    <p class='ocr_par' dir='ltr' id='par_1_2' title="bbox 109 275 2582 4247">
     <span class='ocr_line' id='line_1_2' title="bbox 142 275 2582 382; baseline 0.003 -28"><span class='ocrx_word' id='word_1_5' title='bbox 142 275 208 362; x_wconf 85' lang='lat' dir='ltr'>&#39;in</span> <span class='ocrx_word' id='word_1_6' title='bbox 228 282 639 358; x_wconf 85' lang='lat' dir='ltr'>occidentem</span> <span class='ocrx_word' id='word_1_7' title='bbox 657 286 867 380; x_wconf 85' lang='lat' dir='ltr'>vergit</span> <span class='ocrx_word' id='word_1_8' title='bbox 887 337 911 370; x_wconf 89' lang='lat'>‚</span> <span class='ocrx_word' id='word_1_9' title='bbox 955 282 1153 355; x_wconf 88' lang='lat' dir='ltr'>latere</span> <span class='ocrx_word' id='word_1_10' title='bbox 1172 286 1342 355; x_wconf 87' lang='lat' dir='ltr'>rivus</span> <span class='ocrx_word' id='word_1_11' title='bbox 1364 284 1703 381; x_wconf 87' lang='lat' dir='ltr'>Ipperleda</span> <span class='ocrx_word' id='word_1_12' title='bbox 1718 338 1742 372; x_wconf 89' lang='lat'>,</span> <span class='ocrx_word' id='word_1_13' title='bbox 1767 289 1928 357; x_wconf 85' lang='lat' dir='ltr'>mari</span> <span class='ocrx_word' id='word_1_14' title='bbox 1949 286 2284 382; x_wconf 85' lang='lat' dir='ltr'>quondam</span> <span class='ocrx_word' id='word_1_15' title='bbox 2368 298 2582 371; x_wconf 59' lang='lat' dir='ltr'>nnn.=</span> 
     </span>
     <span class='ocr_line' id='line_1_3' title="bbox 144 375 2294 477; baseline 0.002 -29"><span class='ocrx_word' id='word_1_16' title='bbox 144 376 435 464; x_wconf 81' lang='lat' dir='ltr'>illabens,</span> <span class='ocrx_word' id='word_1_17' title='bbox 459 399 725 477; x_wconf 89' lang='lat' dir='ltr'>portum</span> <span class='ocrx_word' id='word_1_18' title='bbox 746 376 1099 449; x_wconf 86' lang='lat' dir='ltr'>efficiebat:</span> <span class='ocrx_word' id='word_1_19' title='bbox 1123 375 1228 474; x_wconf 76' lang='lat' dir='ltr'>sed</span> <span class='ocrx_word' id='word_1_20' title='bbox 1250 381 1392 473; x_wconf 87' lang='lat' dir='ltr'>qui,</span> <span class='ocrx_word' id='word_1_21' title='bbox 1411 400 1483 448; x_wconf 88' lang='lat' dir='ltr'>ut</span> <span class='ocrx_word' id='word_1_22' title='bbox 1503 378 1814 451; x_wconf 80' lang='lat' dir='ltr'>Flaudriae</span> <span class='ocrx_word' id='word_1_23' title='bbox 1831 389 2044 452; x_wconf 82' lang='lat' dir='ltr'>caeteri</span> <span class='ocrx_word' id='word_1_24' title='bbox 2071 435 2092 468; x_wconf 87' lang='lat'>‚</span> <span class='ocrx_word' id='word_1_25' title='bbox 2111 393 2294 453; x_wconf 86' lang='lat' dir='ltr'>rece-</span> 
     </span>
     <span class='ocr_line' id='line_1_4' title="bbox 142 468 2337 571; baseline 0.002 -28"><span class='ocrx_word' id='word_1_26' title='bbox 142 470 341 545; x_wconf 86' lang='lat' dir='ltr'>dente</span> <span class='ocrx_word' id='word_1_27' title='bbox 367 473 516 545; x_wconf 79' lang='lat' dir='ltr'>aestu</span> <span class='ocrx_word' id='word_1_28' title='bbox 559 476 818 545; x_wconf 81' lang='lat' dir='ltr'>navium</span> <span class='ocrx_word' id='word_1_29' title='bbox 835 468 990 542; x_wconf 76' lang='lat' dir='ltr'>esset</span> <span class='ocrx_word' id='word_1_30' title='bbox 1011 476 1400 566; x_wconf 65' lang='lat' dir='ltr'>impatiens‘3</span> <span class='ocrx_word' id='word_1_31' title='bbox 1436 496 1609 543; x_wconf 92' lang='lat' dir='ltr'>nunc</span> <span class='ocrx_word' id='word_1_32' title='bbox 1651 478 1852 546; x_wconf 82' lang='lat' dir='ltr'>rivum</span> <span class='ocrx_word' id='word_1_33' title='bbox 1878 498 2075 571; x_wconf 81' lang='lat' dir='ltr'>opera</span> <span class='ocrx_word' id='word_1_34' title='bbox 2092 473 2291 547; x_wconf 79' lang='lat' dir='ltr'>absci·</span> <span class='ocrx_word' id='word_1_35' title='bbox 2332 515 2337 521; x_wconf 90' lang='lat'><strong>·</strong></span> 
     </span>
     <span class='ocr_line' id='line_1_5' title="bbox 141 565 2291 666; baseline 0.001 -28"><span class='ocrx_word' id='word_1_36' title='bbox 141 565 300 638; x_wconf 88' lang='lat' dir='ltr'>dere</span> <span class='ocrx_word' id='word_1_37' title='bbox 321 620 344 653; x_wconf 87' lang='lat'>‚</span> <span class='ocrx_word' id='word_1_38' title='bbox 386 588 619 666; x_wconf 87' lang='lat' dir='ltr'>portus</span> <span class='ocrx_word' id='word_1_39' title='bbox 642 585 883 635; x_wconf 87' lang='lat' dir='ltr'>manet.</span> <span class='ocrx_word' id='word_1_40' title='bbox 1037 586 1141 634; x_wconf 82' lang='lat' dir='ltr'>uae</span> <span class='ocrx_word' id='word_1_41' title='bbox 1172 589 1322 662; x_wconf 84' lang='lat' dir='ltr'>pars</span> <span class='ocrx_word' id='word_1_42' title='bbox 1342 571 1664 637; x_wconf 86' lang='lat' dir='ltr'>orientem</span> <span class='ocrx_word' id='word_1_43' title='bbox 1708 565 1784 638; x_wconf 89' lang='lat' dir='ltr'>as</span> <span class='ocrx_word' id='word_1_44' title='bbox 1817 571 1932 638; x_wconf 92' lang='lat' dir='ltr'>icit</span> <span class='ocrx_word' id='word_1_45' title='bbox 1953 623 1973 653; x_wconf 93' lang='lat'>,</span> <span class='ocrx_word' id='word_1_46' title='bbox 2010 569 2291 643; x_wconf 72' lang='lat' dir='ltr'>arenosis</span> 
     </span>
     <span class='ocr_line' id='line_1_6' title="bbox 141 658 2290 758; baseline 0.002 -27"><span class='ocrx_word' id='word_1_47' title='bbox 141 658 478 756; x_wconf 86' lang='lat' dir='ltr'>quondam</span> <span class='ocrx_word' id='word_1_48' title='bbox 500 658 774 733; x_wconf 85' lang='lat' dir='ltr'>collibus</span> <span class='ocrx_word' id='word_1_49' title='bbox 793 663 1046 754; x_wconf 80' lang='lat' dir='ltr'>inaequa</span> <span class='ocrx_word' id='word_1_50' title='bbox 1074 683 1127 729; x_wconf 81' lang='lat' dir='ltr'>is</span> <span class='ocrx_word' id='word_1_51' title='bbox 1148 712 1169 746; x_wconf 89' lang='lat'>,</span> <span class='ocrx_word' id='word_1_52' title='bbox 1212 683 1371 732; x_wconf 86' lang='lat' dir='ltr'>mox</span> <span class='ocrx_word' id='word_1_53' title='bbox 1388 664 1457 731; x_wconf 92' lang='lat' dir='ltr'>in</span> <span class='ocrx_word' id='word_1_54' title='bbox 1480 661 1740 758; x_wconf 88' lang='lat' dir='ltr'>planum</span> <span class='ocrx_word' id='word_1_55' title='bbox 1836 661 2023 732; x_wconf 66' lang='lat' dir='ltr'>duaa</span> <span class='ocrx_word' id='word_1_56' title='bbox 2044 662 2137 735; x_wconf 87' lang='lat' dir='ltr'>est</span> <span class='ocrx_word' id='word_1_57' title='bbox 2164 718 2184 748; x_wconf 91' lang='lat'>,</span> <span class='ocrx_word' id='word_1_58' title='bbox 2209 686 2290 735; x_wconf 89' lang='lat' dir='ltr'>ne</span> 
     </span>
     <span class='ocr_line' id='line_1_7' title="bbox 139 752 2290 853; baseline 0.002 -30"><span class='ocrx_word' id='word_1_59' title='bbox 139 758 512 853; x_wconf 90' lang='lat' dir='ltr'>propinqua</span> <span class='ocrx_word' id='word_1_60' title='bbox 529 752 778 851; x_wconf 85' lang='lat' dir='ltr'>fastigia</span> <span class='ocrx_word' id='word_1_61' title='bbox 797 753 1047 826; x_wconf 86' lang='lat' dir='ltr'>hostem</span> <span class='ocrx_word' id='word_1_62' title='bbox 1060 752 1453 825; x_wconf 83' lang='lat' dir='ltr'>attollerent.</span> <span class='ocrx_word' id='word_1_63' title='bbox 1519 761 1619 828; x_wconf 86' lang='lat' dir='ltr'>Ita</span> <span class='ocrx_word' id='word_1_64' title='bbox 1638 761 1904 826; x_wconf 90' lang='lat' dir='ltr'>remotis</span> <span class='ocrx_word' id='word_1_65' title='bbox 1921 778 2067 853; x_wconf 82' lang='lat' dir='ltr'>quae</span> <span class='ocrx_word' id='word_1_66' title='bbox 2090 756 2290 828; x_wconf 84' lang='lat' dir='ltr'>obsti·</span> 
     </span>
     <span class='ocr_line' id='line_1_8' title="bbox 141 845 2291 961; baseline 0.003 -44"><span class='ocrx_word' id='word_1_67' title='bbox 141 865 357 919; x_wconf 80' lang='lat' dir='ltr'>terant</span> <span class='ocrx_word' id='word_1_68' title='bbox 378 902 399 934; x_wconf 91' lang='lat'><strong>,</strong></span> <span class='ocrx_word' id='word_1_69' title='bbox 435 852 802 944; x_wconf 83' lang='lat' dir='ltr'>proximam</span> <span class='ocrx_word' id='word_1_70' title='bbox 839 845 1165 919; x_wconf 87' lang='lat' dir='ltr'>moenibus</span> <span class='ocrx_word' id='word_1_71' title='bbox 1191 847 1520 956; x_wconf 74' lang='lat' dir='ltr'>planitiem</span> <span class='ocrx_word' id='word_1_72' title='bbox 1541 853 1778 948; x_wconf 87' lang='lat' dir='ltr'>irrupit</span> <span class='ocrx_word' id='word_1_73' title='bbox 1796 874 1970 921; x_wconf 87' lang='lat' dir='ltr'>mare</span> <span class='ocrx_word' id='word_1_74' title='bbox 1985 907 2009 932; x_wconf 90' lang='lat'>,</span> <span class='ocrx_word' id='word_1_75' title='bbox 2033 872 2291 961; x_wconf 88' lang='lat' dir='ltr'>patente</span> 
     </span>
     <span class='ocr_line' id='line_1_9' title="bbox 139 940 2397 1042; baseline 0.003 -30"><span class='ocrx_word' id='word_1_76' title='bbox 139 945 213 1012; x_wconf 87' lang='lat' dir='ltr'>in</span> <span class='ocrx_word' id='word_1_77' title='bbox 236 962 498 1013; x_wconf 87' lang='lat' dir='ltr'>centum</span> <span class='ocrx_word' id='word_1_78' title='bbox 521 943 718 1037; x_wconf 88' lang='lat' dir='ltr'>pedes</span> <span class='ocrx_word' id='word_1_79' title='bbox 744 940 1035 1012; x_wconf 83' lang='lat' dir='ltr'>aestuario</span> <span class='ocrx_word' id='word_1_80' title='bbox 1051 996 1075 1028; x_wconf 87' lang='lat'>‚</span> <span class='ocrx_word' id='word_1_81' title='bbox 1101 964 1207 1013; x_wconf 81' lang='lat' dir='ltr'>cui</span> <span class='ocrx_word' id='word_1_82' title='bbox 1228 942 1605 1016; x_wconf 84' lang='lat' dir='ltr'>cedentibus</span> <span class='ocrx_word' id='word_1_83' title='bbox 1625 941 1869 1042; x_wconf 83' lang='lat' dir='ltr'>semper</span> <span class='ocrx_word' id='word_1_84' title='bbox 1881 969 2089 1016; x_wconf 83' lang='lat' dir='ltr'>arenis</span> <span class='ocrx_word' id='word_1_85' title='bbox 2108 948 2292 1018; x_wconf 62' lang='lat' dir='ltr'>auae</span> <span class='ocrx_word' id='word_1_86' title='bbox 2390 1027 2397 1032; x_wconf 55' lang='grc'><em>,</em></span> 
     </span>
     <span class='ocr_line' id='line_1_10' title="bbox 140 1033 2292 1138; baseline 0.003 -33"><span class='ocrx_word' id='word_1_87' title='bbox 140 1033 556 1134; x_wconf 82' lang='lat' dir='ltr'>profunditas</span> <span class='ocrx_word' id='word_1_88' title='bbox 578 1066 600 1107; x_wconf 83' lang='lat'>.-</span> <span class='ocrx_word' id='word_1_89' title='bbox 636 1035 747 1107; x_wconf 90' lang='lat' dir='ltr'>ubi</span> <span class='ocrx_word' id='word_1_90' title='bbox 768 1034 948 1106; x_wconf 81' lang='lat' dir='ltr'>aestus</span> <span class='ocrx_word' id='word_1_91' title='bbox 967 1036 1212 1134; x_wconf 85' lang='lat' dir='ltr'>adjuvit</span> <span class='ocrx_word' id='word_1_92' title='bbox 1233 1090 1254 1120; x_wconf 87' lang='lat'><strong>,</strong></span> <span class='ocrx_word' id='word_1_93' title='bbox 1285 1038 1627 1109; x_wconf 83' lang='lat' dir='ltr'>immensus</span> <span class='ocrx_word' id='word_1_94' title='bbox 1647 1061 1928 1138; x_wconf 84' lang='lat' dir='ltr'>gurges3</span> <span class='ocrx_word' id='word_1_95' title='bbox 1965 1039 2076 1110; x_wconf 89' lang='lat' dir='ltr'>ubi</span> <span class='ocrx_word' id='word_1_96' title='bbox 2099 1039 2292 1111; x_wconf 88' lang='lat' dir='ltr'>desti-</span> 
     </span>
     <span class='ocr_line' id='line_1_11' title="bbox 139 1123 2296 1229; baseline 0.001 -28"><span class='ocrx_word' id='word_1_97' title='bbox 139 1133 271 1201; x_wconf 89' lang='lat' dir='ltr'>tuit</span> <span class='ocrx_word' id='word_1_98' title='bbox 293 1184 314 1217; x_wconf 86' lang='lat'>,</span> <span class='ocrx_word' id='word_1_99' title='bbox 360 1129 627 1201; x_wconf 87' lang='lat' dir='ltr'>duarum</span> <span class='ocrx_word' id='word_1_100' title='bbox 649 1130 960 1202; x_wconf 82' lang='lat' dir='ltr'>hastarum</span> <span class='ocrx_word' id='word_1_101' title='bbox 977 1129 1384 1227; x_wconf 80' lang='lat' dir='ltr'>longitudine</span> <span class='ocrx_word' id='word_1_102' title='bbox 1400 1153 1584 1226; x_wconf 77' lang='lat' dir='ltr'>aquae</span> <span class='ocrx_word' id='word_1_103' title='bbox 1606 1123 1898 1229; x_wconf 78' lang='lat' dir='ltr'>superant</span> <span class='ocrx_word' id='word_1_104' title='bbox 1921 1156 1939 1200; x_wconf 71' lang='grc' dir='ltr'><em>τ</em></span> <span class='ocrx_word' id='word_1_105' title='bbox 1960 1132 2296 1207; x_wconf 83' lang='lat' dir='ltr'>vadofiore</span> 
     </span>
     <span class='ocr_line' id='line_1_12' title="bbox 136 1222 2289 1322; baseline 0.002 -26"><span class='ocrx_word' id='word_1_106' title='bbox 136 1243 396 1296; x_wconf 86' lang='lat' dir='ltr'>tantum</span> <span class='ocrx_word' id='word_1_107' title='bbox 414 1228 480 1296; x_wconf 93' lang='lat' dir='ltr'>in</span> <span class='ocrx_word' id='word_1_108' title='bbox 502 1224 649 1322; x_wconf 87' lang='lat' dir='ltr'>ipsis</span> <span class='ocrx_word' id='word_1_109' title='bbox 666 1222 954 1295; x_wconf 81' lang='lat' dir='ltr'>faucibus</span> <span class='ocrx_word' id='word_1_110' title='bbox 974 1225 1218 1297; x_wconf 90' lang='lat' dir='ltr'>limine.</span> <span class='ocrx_word' id='word_1_111' title='bbox 1290 1228 1477 1320; x_wconf 84' lang='lat' dir='ltr'>Qic</span> <span class='ocrx_word' id='word_1_112' title='bbox 1531 1223 1639 1295; x_wconf 90' lang='lat' dir='ltr'>uid</span> <span class='ocrx_word' id='word_1_113' title='bbox 1678 1247 1856 1297; x_wconf 90' lang='lat' dir='ltr'>retro</span> <span class='ocrx_word' id='word_1_114' title='bbox 1875 1245 2190 1298; x_wconf 88' lang='lat' dir='ltr'>terrarum</span> <span class='ocrx_word' id='word_1_115' title='bbox 2221 1232 2289 1300; x_wconf 91' lang='lat' dir='ltr'>in</span> 
     </span>
     <span class='ocr_line' id='line_1_13' title="bbox 138 1247 2290 1417; baseline 0 -27"><span class='ocrx_word' id='word_1_116' title='bbox 138 1318 424 1390; x_wconf 82' lang='lat' dir='ltr'>austrum</span> <span class='ocrx_word' id='word_1_117' title='bbox 441 1324 793 1417; x_wconf 88' lang='lat' dir='ltr'>porrigitur</span> <span class='ocrx_word' id='word_1_118' title='bbox 809 1373 831 1406; x_wconf 84' lang='lat'>,</span> <span class='ocrx_word' id='word_1_119' title='bbox 854 1316 1097 1390; x_wconf 80' lang='lat' dir='ltr'>crebris</span> <span class='ocrx_word' id='word_1_120' title='bbox 1117 1315 1291 1391; x_wconf 83' lang='lat' dir='ltr'>foffis</span> <span class='ocrx_word' id='word_1_121' title='bbox 1309 1247 1725 1392; x_wconf 49' lang='lat' dir='ltr'>interscissam</span> <span class='ocrx_word' id='word_1_122' title='bbox 1752 1375 1774 1408; x_wconf 84' lang='lat'>,</span> <span class='ocrx_word' id='word_1_123' title='bbox 1801 1344 1976 1393; x_wconf 87' lang='lat' dir='ltr'>mare</span> <span class='ocrx_word' id='word_1_124' title='bbox 1991 1321 2290 1410; x_wconf 80' lang='lat' dir='ltr'>inundat,</span> 
     </span>
     <span class='ocr_line' id='line_1_14' title="bbox 137 1407 2289 1525; baseline 0.002 -42"><span class='ocrx_word' id='word_1_125' title='bbox 137 1437 285 1511; x_wconf 89' lang='lat' dir='ltr'>quo</span> <span class='ocrx_word' id='word_1_126' title='bbox 303 1413 599 1485; x_wconf 83' lang='lat' dir='ltr'>aestuante</span> <span class='ocrx_word' id='word_1_127' title='bbox 619 1411 794 1484; x_wconf 89' lang='lat' dir='ltr'>mille</span> <span class='ocrx_word' id='word_1_128' title='bbox 809 1407 1095 1513; x_wconf 79' lang='lat' dir='ltr'>passuum</span> <span class='ocrx_word' id='word_1_129' title='bbox 1130 1411 1336 1510; x_wconf 82' lang='lat' dir='ltr'>spatio</span> <span class='ocrx_word' id='word_1_130' title='bbox 1355 1417 1431 1483; x_wconf 74' lang='grc' dir='ltr'>δε</span> <span class='ocrx_word' id='word_1_131' title='bbox 1468 1413 1633 1485; x_wconf 85' lang='lat' dir='ltr'>ultra</span> <span class='ocrx_word' id='word_1_132' title='bbox 1653 1412 1815 1513; x_wconf 79' lang='lat' dir='ltr'>saepe</span> <span class='ocrx_word' id='word_1_133' title='bbox 1849 1422 2161 1525; x_wconf 83' lang='lat' dir='ltr'>mergitur</span> <span class='ocrx_word' id='word_1_134' title='bbox 2179 1415 2289 1487; x_wconf 88' lang='lat' dir='ltr'>so·-</span> 
     </span>
     <span class='ocr_line' id='line_1_15' title="bbox 132 1505 2294 1607; baseline 0 -26"><span class='ocrx_word' id='word_1_135' title='bbox 132 1507 532 1581; x_wconf 89' lang='lat' dir='ltr'>lum.Tantis</span> <span class='ocrx_word' id='word_1_136' title='bbox 553 1528 791 1579; x_wconf 85' lang='lat' dir='ltr'>naturae</span> <span class='ocrx_word' id='word_1_137' title='bbox 809 1506 1116 1607; x_wconf 86' lang='lat' dir='ltr'>praefidiis</span> <span class='ocrx_word' id='word_1_138' title='bbox 1132 1505 1443 1579; x_wconf 73' lang='lat' dir='ltr'>accessere</span> <span class='ocrx_word' id='word_1_139' title='bbox 1456 1511 2060 1596; x_wconf 75' lang='lat' dir='ltr'>munimenta‚rudia</span> <span class='ocrx_word' id='word_1_140' title='bbox 2073 1532 2294 1607; x_wconf 90' lang='lat' dir='ltr'>quon·</span> 
     </span>
     <span class='ocr_line' id='line_1_16' title="bbox 134 1600 2288 1699; baseline 0 -24"><span class='ocrx_word' id='word_1_141' title='bbox 134 1600 434 1688; x_wconf 84' lang='lat' dir='ltr'>dam,sed</span> <span class='ocrx_word' id='word_1_142' title='bbox 449 1605 515 1674; x_wconf 89' lang='lat' dir='ltr'>in</span> <span class='ocrx_word' id='word_1_143' title='bbox 531 1606 685 1674; x_wconf 88' lang='lat' dir='ltr'>artis</span> <span class='ocrx_word' id='word_1_144' title='bbox 705 1600 1132 1698; x_wconf 83' lang='lat' dir='ltr'>modum,qua</span> <span class='ocrx_word' id='word_1_145' title='bbox 1141 1621 1321 1672; x_wconf 88' lang='lat' dir='ltr'>ntum</span> <span class='ocrx_word' id='word_1_146' title='bbox 1336 1601 1525 1673; x_wconf 89' lang='lat' dir='ltr'>locus</span> <span class='ocrx_word' id='word_1_147' title='bbox 1543 1601 1816 1690; x_wconf 84' lang='lat' dir='ltr'>ferebat,</span> <span class='ocrx_word' id='word_1_148' title='bbox 1826 1605 1963 1699; x_wconf 86' lang='lat' dir='ltr'>jam</span> <span class='ocrx_word' id='word_1_149' title='bbox 1979 1624 2119 1675; x_wconf 90' lang='lat' dir='ltr'>tum</span> <span class='ocrx_word' id='word_1_150' title='bbox 2144 1628 2288 1676; x_wconf 89' lang='lat' dir='ltr'>coe-</span> 
     </span>
     <span class='ocr_line' id='line_1_17' title="bbox 182 1693 2291 1792; baseline 0 -22"><span class='ocrx_word' id='word_1_151' title='bbox 182 1719 250 1770; x_wconf 84' lang='lat' dir='ltr'>ta</span> <span class='ocrx_word' id='word_1_152' title='bbox 265 1695 483 1770; x_wconf 85' lang='lat' dir='ltr'>excoli</span> <span class='ocrx_word' id='word_1_153' title='bbox 506 1750 528 1784; x_wconf 88' lang='lat'><strong>,</strong></span> <span class='ocrx_word' id='word_1_154' title='bbox 548 1719 697 1768; x_wconf 90' lang='lat' dir='ltr'>cum</span> <span class='ocrx_word' id='word_1_155' title='bbox 719 1696 953 1767; x_wconf 84' lang='lat' dir='ltr'>caleto</span> <span class='ocrx_word' id='word_1_156' title='bbox 976 1693 1327 1792; x_wconf 72' lang='lat' dir='ltr'>Hulstaque</span> <span class='ocrx_word' id='word_1_157' title='bbox 1340 1696 1552 1768; x_wconf 70' lang='lat' dir='ltr'>vietor</span> <span class='ocrx_word' id='word_1_158' title='bbox 1565 1698 1818 1769; x_wconf 86' lang='lat' dir='ltr'>rediens</span> <span class='ocrx_word' id='word_1_159' title='bbox 1833 1697 2143 1771; x_wconf 86' lang='lat' dir='ltr'>Albertus</span> <span class='ocrx_word' id='word_1_160' title='bbox 2160 1699 2291 1772; x_wconf 87' lang='lat' dir='ltr'>ob·-</span> 
     </span>
     <span class='ocr_line' id='line_1_18' title="bbox 132 1722 2293 1892; baseline 0 -26"><span class='ocrx_word' id='word_1_161' title='bbox 132 1722 368 1866; x_wconf 57' lang='lat' dir='ltr'>fidium</span> <span class='ocrx_word' id='word_1_162' title='bbox 388 1791 749 1863; x_wconf 82' lang='lat' dir='ltr'>minabatur</span> <span class='ocrx_word' id='word_1_163' title='bbox 773 1793 838 1861; x_wconf 91' lang='lat' dir='ltr'>in</span> <span class='ocrx_word' id='word_1_164' title='bbox 856 1789 993 1860; x_wconf 84' lang='lat' dir='ltr'>haec</span> <span class='ocrx_word' id='word_1_165' title='bbox 1010 1811 1217 1886; x_wconf 88' lang='lat' dir='ltr'>usque</span> <span class='ocrx_word' id='word_1_166' title='bbox 1230 1809 1533 1888; x_wconf 83' lang='lat' dir='ltr'>tempora</span> <span class='ocrx_word' id='word_1_167' title='bbox 1552 1791 1842 1863; x_wconf 88' lang='lat' dir='ltr'>dilatum.</span> <span class='ocrx_word' id='word_1_168' title='bbox 1870 1792 2074 1868; x_wconf 86' lang='lat' dir='ltr'>Vetus</span> <span class='ocrx_word' id='word_1_169' title='bbox 2094 1797 2293 1892; x_wconf 88' lang='lat' dir='ltr'>oppi-</span> 
     </span>
     <span class='ocr_line' id='line_1_19' title="bbox 134 1882 2293 1984; baseline 0 -27"><span class='ocrx_word' id='word_1_170' title='bbox 134 1887 296 1976; x_wconf 79' lang='lat' dir='ltr'>dum</span> <span class='ocrx_word' id='word_1_171' title='bbox 322 1883 509 1981; x_wconf 92' lang='lat' dir='ltr'>quod</span> <span class='ocrx_word' id='word_1_172' title='bbox 547 1885 825 1971; x_wconf 86' lang='lat' dir='ltr'>dicitur,</span> <span class='ocrx_word' id='word_1_173' title='bbox 875 1907 1050 1955; x_wconf 87' lang='lat' dir='ltr'>nunc</span> <span class='ocrx_word' id='word_1_174' title='bbox 1070 1884 1226 1957; x_wconf 88' lang='lat' dir='ltr'>nihil</span> <span class='ocrx_word' id='word_1_175' title='bbox 1263 1882 1375 1957; x_wconf 86' lang='lat' dir='ltr'>nisi</span> <span class='ocrx_word' id='word_1_176' title='bbox 1400 1888 1939 1984; x_wconf 86' lang='lat' dir='ltr'>inane·aquarum</span> <span class='ocrx_word' id='word_1_177' title='bbox 1972 1903 2293 1982; x_wconf 80' lang='lat' dir='ltr'>terraeque</span> 
     </span>
     <span class='ocr_line' id='line_1_20' title="bbox 130 1976 2294 2080; baseline -0.001 -26"><span class='ocrx_word' id='word_1_178' title='bbox 130 1977 411 2080; x_wconf 88' lang='lat' dir='ltr'>spatium</span> <span class='ocrx_word' id='word_1_179' title='bbox 429 2034 450 2067; x_wconf 87' lang='lat'>,</span> <span class='ocrx_word' id='word_1_180' title='bbox 474 2002 650 2050; x_wconf 90' lang='lat' dir='ltr'>mare</span> <span class='ocrx_word' id='word_1_181' title='bbox 667 1978 1000 2077; x_wconf 81' lang='lat' dir='ltr'>aspiciens,</span> <span class='ocrx_word' id='word_1_182' title='bbox 1017 1998 1198 2050; x_wconf 82' lang='lat' dir='ltr'>extra</span> <span class='ocrx_word' id='word_1_183' title='bbox 1220 1976 1529 2050; x_wconf 65' lang='lat' dir='ltr'>ostendit</span> <span class='ocrx_word' id='word_1_184' title='bbox 1548 1979 1781 2053; x_wconf 79' lang='lat' dir='ltr'>vallum</span> <span class='ocrx_word' id='word_1_185' title='bbox 1800 1982 2080 2075; x_wconf 86' lang='lat' dir='ltr'>propriis</span> <span class='ocrx_word' id='word_1_186' title='bbox 2098 1985 2294 2075; x_wconf 78' lang='lat' dir='ltr'>quin·-</span> 
     </span>
     <span class='ocr_line' id='line_1_21' title="bbox 131 2070 2293 2173; baseline 0 -27"><span class='ocrx_word' id='word_1_187' title='bbox 131 2097 269 2173; x_wconf 88' lang='lat' dir='ltr'>que</span> <span class='ocrx_word' id='word_1_188' title='bbox 291 2072 575 2145; x_wconf 86' lang='lat' dir='ltr'>molibus</span> <span class='ocrx_word' id='word_1_189' title='bbox 609 2073 789 2145; x_wconf 85' lang='lat' dir='ltr'>littus</span> <span class='ocrx_word' id='word_1_190' title='bbox 823 2071 1220 2169; x_wconf 83' lang='lat' dir='ltr'>impleverat.</span> <span class='ocrx_word' id='word_1_191' title='bbox 1282 2075 1461 2143; x_wconf 85' lang='lat' dir='ltr'>Hinc</span> <span class='ocrx_word' id='word_1_192' title='bbox 1492 2070 1656 2146; x_wconf 79' lang='lat' dir='ltr'>foffa</span> <span class='ocrx_word' id='word_1_193' title='bbox 1693 2095 1935 2146; x_wconf 80' lang='lat' dir='ltr'>novum</span> <span class='ocrx_word' id='word_1_194' title='bbox 1970 2073 2293 2170; x_wconf 88' lang='lat' dir='ltr'>oppidum</span> 
     </span>
     <span class='ocr_line' id='line_1_22' title="bbox 126 2164 2292 2265; baseline -0 -24"><span class='ocrx_word' id='word_1_195' title='bbox 126 2168 570 2242; x_wconf 82' lang='lat' dir='ltr'>circumluens</span> <span class='ocrx_word' id='word_1_196' title='bbox 595 2220 617 2254; x_wconf 85' lang='lat'>,</span> <span class='ocrx_word' id='word_1_197' title='bbox 668 2165 859 2264; x_wconf 83' lang='lat' dir='ltr'>septis</span> <span class='ocrx_word' id='word_1_198' title='bbox 891 2189 1199 2265; x_wconf 87' lang='lat' dir='ltr'>aquarum</span> <span class='ocrx_word' id='word_1_199' title='bbox 1236 2166 1512 2238; x_wconf 92' lang='lat' dir='ltr'>modum</span> <span class='ocrx_word' id='word_1_200' title='bbox 1542 2164 2049 2265; x_wconf 84' lang='lat' dir='ltr'>dispensantibus</span> <span class='ocrx_word' id='word_1_201' title='bbox 2069 2221 2091 2255; x_wconf 88' lang='lat'><strong>,</strong></span> <span class='ocrx_word' id='word_1_202' title='bbox 2139 2167 2292 2241; x_wconf 83' lang='lat' dir='ltr'>bina</span> 
     </span>
     <span class='ocr_line' id='line_1_23' title="bbox 127 2259 2290 2363; baseline -0.001 -28"><span class='ocrx_word' id='word_1_203' title='bbox 127 2269 206 2346; x_wconf 71' lang='grc' dir='ltr'>δι</span> <span class='ocrx_word' id='word_1_204' title='bbox 256 2264 365 2336; x_wconf 86' lang='lat' dir='ltr'>bic</span> <span class='ocrx_word' id='word_1_205' title='bbox 403 2265 646 2334; x_wconf 81' lang='lat' dir='ltr'>moenia</span> <span class='ocrx_word' id='word_1_206' title='bbox 685 2259 915 2335; x_wconf 84' lang='lat' dir='ltr'>dividit</span> <span class='ocrx_word' id='word_1_207' title='bbox 937 2317 958 2350; x_wconf 87' lang='lat'>‚</span> <span class='ocrx_word' id='word_1_208' title='bbox 1004 2264 1310 2353; x_wconf 81' lang='lat' dir='ltr'>interiora</span> <span class='ocrx_word' id='word_1_209' title='bbox 1340 2261 1501 2333; x_wconf 64' lang='lat' dir='ltr'>octo</span> <span class='ocrx_word' id='word_1_210' title='bbox 1537 2285 1661 2360; x_wconf 91' lang='lat' dir='ltr'>pro</span> <span class='ocrx_word' id='word_1_211' title='bbox 1712 2261 2038 2363; x_wconf 88' lang='lat' dir='ltr'>ugnaculis</span> <span class='ocrx_word' id='word_1_212' title='bbox 2061 2285 2290 2336; x_wconf 81' lang='lat' dir='ltr'>excur-</span> 
     </span>
     <span class='ocr_line' id='line_1_24' title="bbox 124 2355 2290 2454; baseline -0.001 -21"><span class='ocrx_word' id='word_1_213' title='bbox 124 2379 293 2433; x_wconf 79' lang='lat' dir='ltr'>runt</span> <span class='ocrx_word' id='word_1_214' title='bbox 316 2414 340 2442; x_wconf 90' lang='lat'><em>,</em></span> <span class='ocrx_word' id='word_1_215' title='bbox 355 2357 596 2452; x_wconf 84' lang='lat' dir='ltr'>quibus</span> <span class='ocrx_word' id='word_1_216' title='bbox 611 2360 930 2429; x_wconf 85' lang='lat' dir='ltr'>exteriora</span> <span class='ocrx_word' id='word_1_217' title='bbox 945 2355 1223 2428; x_wconf 89' lang='lat' dir='ltr'>totidem</span> <span class='ocrx_word' id='word_1_218' title='bbox 1240 2356 1378 2428; x_wconf 84' lang='lat' dir='ltr'>aliis</span> <span class='ocrx_word' id='word_1_219' title='bbox 1399 2356 1629 2454; x_wconf 89' lang='lat' dir='ltr'>respon</span> <span class='ocrx_word' id='word_1_220' title='bbox 1674 2380 1783 2429; x_wconf 90' lang='lat' dir='ltr'>ent</span> <span class='ocrx_word' id='word_1_221' title='bbox 1799 2391 1824 2447; x_wconf 67' lang='grc' dir='ltr'><strong>ς</strong></span> <span class='ocrx_word' id='word_1_222' title='bbox 1876 2380 2004 2453; x_wconf 87' lang='lat' dir='ltr'>qua</span> <span class='ocrx_word' id='word_1_223' title='bbox 2021 2356 2290 2431; x_wconf 84' lang='lat' dir='ltr'>flumina</span> 
     </span>
     <span class='ocr_line' id='line_1_25' title="bbox 127 2448 2289 2554; baseline -0.001 -29"><span class='ocrx_word' id='word_1_224' title='bbox 127 2451 652 2554; x_wconf 77' lang='lat' dir='ltr'>praelabebantur</span> <span class='ocrx_word' id='word_1_225' title='bbox 671 2504 690 2537; x_wconf 92' lang='lat'>‚</span> <span class='ocrx_word' id='word_1_226' title='bbox 739 2451 943 2522; x_wconf 87' lang='lat' dir='ltr'>levior</span> <span class='ocrx_word' id='word_1_227' title='bbox 980 2449 1287 2524; x_wconf 69' lang='lat' dir='ltr'>structura</span> <span class='ocrx_word' id='word_1_228' title='bbox 1307 2504 1329 2538; x_wconf 89' lang='lat'>,</span> <span class='ocrx_word' id='word_1_229' title='bbox 1372 2474 1410 2521; x_wconf 90' lang='lat' dir='ltr'>a</span> <span class='ocrx_word' id='word_1_230' title='bbox 1432 2471 1531 2521; x_wconf 90' lang='lat' dir='ltr'>ter</span> <span class='ocrx_word' id='word_1_231' title='bbox 1578 2476 1625 2522; x_wconf 92' lang='lat' dir='ltr'>o</span> <span class='ocrx_word' id='word_1_232' title='bbox 1643 2448 1920 2524; x_wconf 89' lang='lat' dir='ltr'>solidum</span> <span class='ocrx_word' id='word_1_233' title='bbox 1943 2476 2115 2549; x_wconf 90' lang='lat' dir='ltr'>opus</span> <span class='ocrx_word' id='word_1_234' title='bbox 2140 2507 2162 2539; x_wconf 87' lang='lat'>,</span> <span class='ocrx_word' id='word_1_235' title='bbox 2212 2457 2289 2523; x_wconf 80' lang='grc' dir='ltr'>δε</span> 
     </span>
     <span class='ocr_line' id='line_1_26' title="bbox 126 2473 2291 2645; baseline -0.002 -24"><span class='ocrx_word' id='word_1_236' title='bbox 126 2571 314 2621; x_wconf 80' lang='lat' dir='ltr'>nova</span> <span class='ocrx_word' id='word_1_237' title='bbox 331 2544 496 2617; x_wconf 81' lang='lat' dir='ltr'>fossa</span> <span class='ocrx_word' id='word_1_238' title='bbox 516 2544 959 2617; x_wconf 85' lang='lat' dir='ltr'>intercedente</span> <span class='ocrx_word' id='word_1_239' title='bbox 993 2546 1165 2616; x_wconf 77' lang='lat' dir='ltr'>velut</span> <span class='ocrx_word' id='word_1_240' title='bbox 1184 2542 1419 2643; x_wconf 81' lang='lat' dir='ltr'>triplex</span> <span class='ocrx_word' id='word_1_241' title='bbox 1437 2473 1691 2618; x_wconf 46' lang='lat' dir='ltr'>valfum.</span> <span class='ocrx_word' id='word_1_242' title='bbox 1741 2550 1808 2620; x_wconf 87' lang='lat' dir='ltr'>H</span> <span class='ocrx_word' id='word_1_243' title='bbox 1814 2553 1873 2618; x_wconf 91' lang='lat' dir='ltr'>ic</span> <span class='ocrx_word' id='word_1_244' title='bbox 1894 2547 2125 2645; x_wconf 88' lang='lat' dir='ltr'>oppidi</span> <span class='ocrx_word' id='word_1_245' title='bbox 2149 2571 2291 2617; x_wconf 85' lang='lat' dir='ltr'>am-</span> 
     </span>
     <span class='ocr_line' id='line_1_27' title="bbox 125 2639 2294 2741; baseline -0.003 -25"><span class='ocrx_word' id='word_1_246' title='bbox 125 2643 318 2717; x_wconf 80' lang='lat' dir='ltr'>bitus</span> <span class='ocrx_word' id='word_1_247' title='bbox 339 2694 361 2727; x_wconf 89' lang='lat'>,</span> <span class='ocrx_word' id='word_1_248' title='bbox 412 2640 589 2712; x_wconf 85' lang='lat' dir='ltr'>horae</span> <span class='ocrx_word' id='word_1_249' title='bbox 608 2643 863 2711; x_wconf 88' lang='lat' dir='ltr'>circiter</span> <span class='ocrx_word' id='word_1_250' title='bbox 878 2640 1161 2711; x_wconf 75' lang='lat' dir='ltr'>dimidiae</span> <span class='ocrx_word' id='word_1_251' title='bbox 1183 2643 1324 2710; x_wconf 89' lang='lat' dir='ltr'>iter.</span> <span class='ocrx_word' id='word_1_252' title='bbox 1389 2639 1572 2710; x_wconf 86' lang='lat' dir='ltr'>Vltra</span> <span class='ocrx_word' id='word_1_253' title='bbox 1596 2693 1618 2727; x_wconf 87' lang='lat'><strong>,</strong></span> <span class='ocrx_word' id='word_1_254' title='bbox 1664 2645 1943 2741; x_wconf 86' lang='lat' dir='ltr'>propriae</span> <span class='ocrx_word' id='word_1_255' title='bbox 1966 2641 2294 2735; x_wconf 63' lang='lat' dir='ltr'>sejunctae-</span> 
     </span>
     <span class='ocr_line' id='line_1_28' title="bbox 179 2731 2376 2831; baseline 0 -23"><span class='ocrx_word' id='word_1_256' title='bbox 179 2760 267 2808; x_wconf 89' lang='lat' dir='ltr'>ue</span> <span class='ocrx_word' id='word_1_257' title='bbox 289 2739 685 2806; x_wconf 89' lang='lat' dir='ltr'>munitiones</span> <span class='ocrx_word' id='word_1_258' title='bbox 711 2772 744 2819; x_wconf 89' lang='lat'>‚·</span> <span class='ocrx_word' id='word_1_259' title='bbox 772 2737 845 2802; x_wconf 74' lang='grc' dir='ltr'>δε</span> <span class='ocrx_word' id='word_1_260' title='bbox 864 2756 1009 2829; x_wconf 80' lang='lat' dir='ltr'>quae</span> <span class='ocrx_word' id='word_1_261' title='bbox 1033 2786 1055 2819; x_wconf 86' lang='lat'><strong>,</strong></span> <span class='ocrx_word' id='word_1_262' title='bbox 1091 2732 1136 2804; x_wconf 85' lang='lat' dir='ltr'>si</span> <span class='ocrx_word' id='word_1_263' title='bbox 1155 2731 1483 2805; x_wconf 82' lang='lat' dir='ltr'>neceffitas</span> <span class='ocrx_word' id='word_1_264' title='bbox 1502 2755 1761 2831; x_wconf 87' lang='lat' dir='ltr'>urgeret</span> <span class='ocrx_word' id='word_1_265' title='bbox 1780 2788 1801 2822; x_wconf 89' lang='lat'>‚</span> <span class='ocrx_word' id='word_1_266' title='bbox 1848 2733 2293 2809; x_wconf 84' lang='lat' dir='ltr'>desererentur</span> <span class='ocrx_word' id='word_1_267' title='bbox 2373 2820 2376 2831; x_wconf 26' lang='lat'>¹</span> 
     </span>
     <span class='ocr_line' id='line_1_29' title="bbox 127 2762 2288 2928; baseline -0.003 -24"><span class='ocrx_word' id='word_1_268' title='bbox 127 2762 267 2909; x_wconf 57' lang='lat' dir='ltr'>gne</span> <span class='ocrx_word' id='word_1_269' title='bbox 286 2827 431 2903; x_wconf 80' lang='lat' dir='ltr'>labe</span> <span class='ocrx_word' id='word_1_270' title='bbox 448 2827 678 2928; x_wconf 87' lang='lat' dir='ltr'>oppidi</span> <span class='ocrx_word' id='word_1_271' title='bbox 704 2849 726 2896; x_wconf 89' lang='lat'><strong>:</strong></span> <span class='ocrx_word' id='word_1_272' title='bbox 762 2851 887 2897; x_wconf 89' lang='lat' dir='ltr'>una</span> <span class='ocrx_word' id='word_1_273' title='bbox 907 2827 1062 2925; x_wconf 70' lang='lat' dir='ltr'>palis</span> <span class='ocrx_word' id='word_1_274' title='bbox 1083 2825 1386 2925; x_wconf 79' lang='lat' dir='ltr'>praesepta</span> <span class='ocrx_word' id='word_1_275' title='bbox 1402 2848 1578 2898; x_wconf 84' lang='lat' dir='ltr'>trans</span> <span class='ocrx_word' id='word_1_276' title='bbox 1598 2827 1955 2899; x_wconf 82' lang='lat' dir='ltr'>aestuarium</span> <span class='ocrx_word' id='word_1_277' title='bbox 1977 2828 2108 2900; x_wconf 88' lang='lat' dir='ltr'>fine</span> <span class='ocrx_word' id='word_1_278' title='bbox 2128 2827 2288 2899; x_wconf 84' lang='lat' dir='ltr'>dex-</span> 
     </span>
     <span class='ocr_line' id='line_1_30' title="bbox 132 2921 2291 3021; baseline -0.003 -23"><span class='ocrx_word' id='word_1_279' title='bbox 132 2932 213 2999; x_wconf 88' lang='lat' dir='ltr'>tri</span> <span class='ocrx_word' id='word_1_280' title='bbox 236 2925 459 2997; x_wconf 83' lang='lat' dir='ltr'>lateris</span> <span class='ocrx_word' id='word_1_281' title='bbox 500 2946 519 2992; x_wconf 72' lang='lat'>2</span> <span class='ocrx_word' id='word_1_282' title='bbox 555 2921 695 2993; x_wconf 82' lang='lat' dir='ltr'>aliae</span> <span class='ocrx_word' id='word_1_283' title='bbox 718 2943 839 3019; x_wconf 90' lang='lat' dir='ltr'>per</span> <span class='ocrx_word' id='word_1_284' title='bbox 853 2944 1122 3014; x_wconf 84' lang='lat' dir='ltr'>campos</span> <span class='ocrx_word' id='word_1_285' title='bbox 1145 2930 1335 3021; x_wconf 87' lang='lat' dir='ltr'>tergo</span> <span class='ocrx_word' id='word_1_286' title='bbox 1355 2922 1673 2992; x_wconf 82' lang='lat' dir='ltr'>moenium</span> <span class='ocrx_word' id='word_1_287' title='bbox 1692 2922 2088 2994; x_wconf 70' lang='lat' dir='ltr'>adhaerentes</span> <span class='ocrx_word' id='word_1_288' title='bbox 2113 2974 2134 3008; x_wconf 89' lang='lat'>,</span> <span class='ocrx_word' id='word_1_289' title='bbox 2179 2942 2291 3003; x_wconf 73' lang='lat' dir='ltr'>aut</span> 
     </span>
     <span class='ocr_line' id='line_1_31' title="bbox 133 3014 2293 3112; baseline -0.006 -22"><span class='ocrx_word' id='word_1_290' title='bbox 133 3017 412 3092; x_wconf 89' lang='lat' dir='ltr'>modico</span> <span class='ocrx_word' id='word_1_291' title='bbox 431 3015 638 3112; x_wconf 90' lang='lat' dir='ltr'>spatio</span> <span class='ocrx_word' id='word_1_292' title='bbox 659 3021 731 3086; x_wconf 88' lang='lat'>&amp;</span> <span class='ocrx_word' id='word_1_293' title='bbox 754 3020 1134 3112; x_wconf 86' lang='lat' dir='ltr'>voraginum</span> <span class='ocrx_word' id='word_1_294' title='bbox 1155 3022 1515 3087; x_wconf 82' lang='lat' dir='ltr'>interventu</span> <span class='ocrx_word' id='word_1_295' title='bbox 1531 3014 1796 3090; x_wconf 81' lang='lat' dir='ltr'>avulsos.</span> <span class='ocrx_word' id='word_1_296' title='bbox 1863 3017 1915 3086; x_wconf 87' lang='lat' dir='ltr'>F</span> <span class='ocrx_word' id='word_1_297' title='bbox 1918 3015 2122 3085; x_wconf 88' lang='lat' dir='ltr'>landri</span> <span class='ocrx_word' id='word_1_298' title='bbox 2147 3038 2293 3111; x_wconf 82' lang='lat' dir='ltr'>per..</span> 
     </span>
     <span class='ocr_line' id='line_1_32' title="bbox 136 3107 2291 3205; baseline -0 -21"><span class='ocrx_word' id='word_1_299' title='bbox 136 3112 274 3184; x_wconf 79' lang='lat' dir='ltr'>taesi</span> <span class='ocrx_word' id='word_1_300' title='bbox 295 3111 669 3183; x_wconf 82' lang='lat' dir='ltr'>excursuum</span> <span class='ocrx_word' id='word_1_301' title='bbox 694 3163 715 3196; x_wconf 85' lang='lat'>‚</span> <span class='ocrx_word' id='word_1_302' title='bbox 761 3114 946 3205; x_wconf 85' lang='lat' dir='ltr'>queis</span> <span class='ocrx_word' id='word_1_303' title='bbox 962 3114 1177 3181; x_wconf 86' lang='lat' dir='ltr'>omnis</span> <span class='ocrx_word' id='word_1_304' title='bbox 1192 3107 1316 3188; x_wconf 78' lang='lat' dir='ltr'>late</span> <span class='ocrx_word' id='word_1_305' title='bbox 1331 3118 1487 3204; x_wconf 79' lang='lat' dir='ltr'>ager</span> <span class='ocrx_word' id='word_1_306' title='bbox 1503 3108 1992 3187; x_wconf 82' lang='lat' dir='ltr'>exhauriebatur</span> <span class='ocrx_word' id='word_1_307' title='bbox 2016 3161 2037 3194; x_wconf 89' lang='lat'>,</span> <span class='ocrx_word' id='word_1_308' title='bbox 2080 3114 2155 3181; x_wconf 89' lang='lat'>&amp;</span> <span class='ocrx_word' id='word_1_309' title='bbox 2175 3133 2291 3183; x_wconf 80' lang='lat' dir='ltr'>ex-</span> 
     </span>
     <span class='ocr_line' id='line_1_33' title="bbox 227 3202 2293 3303; baseline -0.001 -27"><span class='ocrx_word' id='word_1_310' title='bbox 227 3212 313 3276; x_wconf 86' lang='lat' dir='ltr'>rti</span> <span class='ocrx_word' id='word_1_311' title='bbox 335 3202 764 3303; x_wconf 87' lang='lat' dir='ltr'>septendecim</span> <span class='ocrx_word' id='word_1_312' title='bbox 800 3202 1200 3275; x_wconf 87' lang='lat' dir='ltr'>castellorum</span> <span class='ocrx_word' id='word_1_313' title='bbox 1222 3256 1244 3291; x_wconf 88' lang='lat'>,</span> <span class='ocrx_word' id='word_1_314' title='bbox 1293 3203 1532 3299; x_wconf 84' lang='lat' dir='ltr'>quibus</span> <span class='ocrx_word' id='word_1_315' title='bbox 1554 3224 1690 3277; x_wconf 84' lang='lat' dir='ltr'>turn</span> <span class='ocrx_word' id='word_1_316' title='bbox 1713 3202 1914 3278; x_wconf 85' lang='lat' dir='ltr'>clausa</span> <span class='ocrx_word' id='word_1_317' title='bbox 1954 3202 2246 3277; x_wconf 85' lang='lat' dir='ltr'>Ostenda</span> <span class='ocrx_word' id='word_1_318' title='bbox 2267 3257 2293 3292; x_wconf 86' lang='lat'>,</span> 
     </span>
     <span class='ocr_line' id='line_1_34' title="bbox 109 3296 2303 3396; baseline -0.002 -24"><span class='ocrx_word' id='word_1_319' title='bbox 109 3350 110 3353; x_wconf 54' lang='lat'><em>=</em></span> <span class='ocrx_word' id='word_1_320' title='bbox 162 3321 382 3372; x_wconf 90' lang='lat' dir='ltr'>umtus</span> <span class='ocrx_word' id='word_1_321' title='bbox 401 3298 532 3373; x_wconf 84' lang='lat' dir='ltr'>sine</span> <span class='ocrx_word' id='word_1_322' title='bbox 566 3299 736 3382; x_wconf 84' lang='lat' dir='ltr'>fine,</span> <span class='ocrx_word' id='word_1_323' title='bbox 786 3296 1111 3369; x_wconf 83' lang='lat' dir='ltr'>licentiam</span> <span class='ocrx_word' id='word_1_324' title='bbox 1136 3296 1355 3369; x_wconf 88' lang='lat' dir='ltr'>militis</span> <span class='ocrx_word' id='word_1_325' title='bbox 1376 3320 1638 3396; x_wconf 81' lang='lat' dir='ltr'>gravem</span> <span class='ocrx_word' id='word_1_326' title='bbox 1663 3320 1693 3387; x_wconf 84' lang='lat'>,·</span> <span class='ocrx_word' id='word_1_327' title='bbox 1730 3304 1805 3372; x_wconf 78' lang='grc' dir='ltr'>δε</span> <span class='ocrx_word' id='word_1_328' title='bbox 1872 3312 1881 3323; x_wconf 86' lang='grc'><em>’</em></span> <span class='ocrx_word' id='word_1_329' title='bbox 1915 3322 2053 3380; x_wconf 86' lang='lat' dir='ltr'>rem</span> <span class='ocrx_word' id='word_1_330' title='bbox 2076 3321 2303 3396; x_wconf 37' lang='lat' dir='ltr'>prope*</span> 
     </span>
     <span class='ocr_line' id='line_1_35' title="bbox 135 3390 2289 3490; baseline -0.002 -22"><span class='ocrx_word' id='word_1_331' title='bbox 135 3393 353 3468; x_wconf 86' lang='lat' dir='ltr'>hostili</span> <span class='ocrx_word' id='word_1_332' title='bbox 379 3448 400 3478; x_wconf 85' lang='lat'>,</span> <span class='ocrx_word' id='word_1_333' title='bbox 451 3396 526 3464; x_wconf 87' lang='lat'>&amp;</span> <span class='ocrx_word' id='word_1_334' title='bbox 556 3416 762 3490; x_wconf 89' lang='lat' dir='ltr'>nuper</span> <span class='ocrx_word' id='word_1_335' title='bbox 794 3414 1015 3490; x_wconf 81' lang='lat' dir='ltr'>coepta</span> <span class='ocrx_word' id='word_1_336' title='bbox 1035 3391 1349 3464; x_wconf 77' lang='lat' dir='ltr'>stditione</span> <span class='ocrx_word' id='word_1_337' title='bbox 1393 3390 1738 3490; x_wconf 58' lang='lat' dir='ltr'>suspefflm</span> <span class='ocrx_word' id='word_1_338' title='bbox 1857 3418 1962 3469; x_wconf 89' lang='lat' dir='ltr'>em</span> <span class='ocrx_word' id='word_1_339' title='bbox 1986 3447 2006 3481; x_wconf 93' lang='lat'>,</span> <span class='ocrx_word' id='word_1_340' title='bbox 2055 3413 2289 3490; x_wconf 71' lang='lat' dir='ltr'>urgent</span> 
     </span>
     <span class='ocr_line' id='line_1_36' title="bbox 135 3480 2294 3585; baseline -0.001 -21"><span class='ocrx_word' id='word_1_341' title='bbox 135 3488 578 3564; x_wconf 83' lang='lat' dir='ltr'>Archiducem</span> <span class='ocrx_word' id='word_1_342' title='bbox 603 3543 628 3575; x_wconf 84' lang='lat'>‚</span> <span class='ocrx_word' id='word_1_343' title='bbox 664 3510 746 3558; x_wconf 89' lang='lat' dir='ltr'>ne</span> <span class='ocrx_word' id='word_1_344' title='bbox 780 3484 1018 3558; x_wconf 85' lang='lat' dir='ltr'>diutius</span> <span class='ocrx_word' id='word_1_345' title='bbox 1051 3480 1443 3558; x_wconf 79' lang='lat' dir='ltr'>clarissimam</span> <span class='ocrx_word' id='word_1_346' title='bbox 1476 3489 1731 3584; x_wconf 87' lang='lat' dir='ltr'>imperii</span> <span class='ocrx_word' id='word_1_347' title='bbox 1764 3484 1853 3559; x_wconf 89' lang='lat' dir='ltr'>sui</span> <span class='ocrx_word' id='word_1_348' title='bbox 1891 3484 2294 3585; x_wconf 50' lang='lat' dir='ltr'>provinciam*</span> 
     </span>
     <span class='ocr_line' id='line_1_37' title="bbox 136 3579 2293 3681; baseline -0.002 -24"><span class='ocrx_word' id='word_1_349' title='bbox 136 3587 326 3658; x_wconf 85' lang='lat' dir='ltr'>unica</span> <span class='ocrx_word' id='word_1_350' title='bbox 355 3603 535 3681; x_wconf 84' lang='lat' dir='ltr'>parte</span> <span class='ocrx_word' id='word_1_351' title='bbox 560 3579 849 3655; x_wconf 87' lang='lat' dir='ltr'>inutilem</span> <span class='ocrx_word' id='word_1_352' title='bbox 872 3596 1215 3677; x_wconf 86' lang='lat' dir='ltr'>pateretur.</span> <span class='ocrx_word' id='word_1_353' title='bbox 1281 3583 1434 3652; x_wconf 89' lang='lat' dir='ltr'>Nec</span> <span class='ocrx_word' id='word_1_354' title='bbox 1455 3581 1717 3654; x_wconf 79' lang='lat' dir='ltr'>deerant</span> <span class='ocrx_word' id='word_1_355' title='bbox 1735 3579 2106 3656; x_wconf 80' lang='lat' dir='ltr'>dissuasores</span> <span class='ocrx_word' id='word_1_356' title='bbox 2130 3637 2151 3670; x_wconf 91' lang='lat'>‚</span> <span class='ocrx_word' id='word_1_357' title='bbox 2172 3584 2293 3678; x_wconf 80' lang='lat' dir='ltr'>qui</span> 
     </span>
     <span class='ocr_line' id='line_1_38' title="bbox 137 3676 2290 3774; baseline -0 -27"><span class='ocrx_word' id='word_1_358' title='bbox 137 3682 336 3748; x_wconf 85' lang='lat' dir='ltr'>tantis</span> <span class='ocrx_word' id='word_1_359' title='bbox 355 3678 585 3774; x_wconf 86' lang='lat' dir='ltr'>oppidi</span> <span class='ocrx_word' id='word_1_360' title='bbox 604 3679 1020 3748; x_wconf 86' lang='lat' dir='ltr'>munimentis</span> <span class='ocrx_word' id='word_1_361' title='bbox 1040 3731 1060 3763; x_wconf 85' lang='lat'>‚</span> <span class='ocrx_word' id='word_1_362' title='bbox 1087 3679 1162 3747; x_wconf 87' lang='lat'>&amp;</span> <span class='ocrx_word' id='word_1_363' title='bbox 1181 3696 1441 3771; x_wconf 86' lang='lat' dir='ltr'>patente</span> <span class='ocrx_word' id='word_1_364' title='bbox 1458 3679 1762 3767; x_wconf 80' lang='lat' dir='ltr'>Oceano,</span> <span class='ocrx_word' id='word_1_365' title='bbox 1786 3702 1919 3754; x_wconf 91' lang='lat' dir='ltr'>non</span> <span class='ocrx_word' id='word_1_366' title='bbox 1936 3676 2290 3764; x_wconf 84' lang='lat' dir='ltr'>obsidium,</span> 
     </span>
     <span class='ocr_line' id='line_1_39' title="bbox 137 3767 2289 3858; baseline -0.002 -13"><span class='ocrx_word' id='word_1_367' title='bbox 137 3767 250 3847; x_wconf 88' lang='lat' dir='ltr'>sed</span> <span class='ocrx_word' id='word_1_368' title='bbox 285 3774 573 3843; x_wconf 87' lang='lat' dir='ltr'>inutilem</span> <span class='ocrx_word' id='word_1_369' title='bbox 602 3773 920 3845; x_wconf 82' lang='lat' dir='ltr'>exercitus</span> <span class='ocrx_word' id='word_1_370' title='bbox 959 3794 1212 3842; x_wconf 85' lang='lat' dir='ltr'>moram</span> <span class='ocrx_word' id='word_1_371' title='bbox 1233 3775 1700 3851; x_wconf 86' lang='lat' dir='ltr'>ominarentur.</span> <span class='ocrx_word' id='word_1_372' title='bbox 1768 3773 1898 3845; x_wconf 87' lang='lat' dir='ltr'>Sed</span> <span class='ocrx_word' id='word_1_373' title='bbox 1921 3778 2075 3847; x_wconf 84' lang='lat' dir='ltr'>vicit</span> <span class='ocrx_word' id='word_1_374' title='bbox 2105 3771 2143 3842; x_wconf 91' lang='lat' dir='ltr'>s</span> <span class='ocrx_word' id='word_1_375' title='bbox 2175 3794 2244 3841; x_wconf 86' lang='lat' dir='ltr'>es</span> <span class='ocrx_word' id='word_1_376' title='bbox 2265 3824 2289 3858; x_wconf 90' lang='lat'>‚</span> 
     </span>
     <span class='ocr_line' id='line_1_40' title="bbox 142 3797 2295 3964; baseline -0 -28"><span class='ocrx_word' id='word_1_377' title='bbox 142 3864 218 3936; x_wconf 86' lang='lat'>&amp;</span> <span class='ocrx_word' id='word_1_378' title='bbox 240 3861 543 3959; x_wconf 84' lang='lat' dir='ltr'>promissa</span> <span class='ocrx_word' id='word_1_379' title='bbox 566 3891 600 3938; x_wconf 87' lang='lat' dir='ltr'>a</span> <span class='ocrx_word' id='word_1_380' title='bbox 622 3865 916 3944; x_wconf 83' lang='lat' dir='ltr'>Flandris</span> <span class='ocrx_word' id='word_1_381' title='bbox 937 3868 1033 3938; x_wconf 82' lang='lat' dir='ltr'>vis</span> <span class='ocrx_word' id='word_1_382' title='bbox 1054 3869 1275 3964; x_wconf 87' lang='lat' dir='ltr'>ingens</span> <span class='ocrx_word' id='word_1_383' title='bbox 1295 3870 1610 3962; x_wconf 71' lang='lat' dir='ltr'>pecuniae,</span> <span class='ocrx_word' id='word_1_384' title='bbox 1638 3872 1712 3939; x_wconf 89' lang='lat'>&amp;</span> <span class='ocrx_word' id='word_1_385' title='bbox 1738 3867 2014 3942; x_wconf 83' lang='lat' dir='ltr'>baerente</span> <span class='ocrx_word' id='word_1_386' title='bbox 2036 3866 2120 3937; x_wconf 81' lang='lat' dir='ltr'>ad</span> <span class='ocrx_word' id='word_1_387' title='bbox 2132 3797 2295 3943; x_wconf 45' lang='lat' dir='ltr'>{er-</span> 
     </span>
     <span class='ocr_line' id='line_1_41' title="bbox 139 3958 2292 4057; baseline -0.001 -25"><span class='ocrx_word' id='word_1_388' title='bbox 139 3983 283 4041; x_wconf 84' lang='lat' dir='ltr'>cam</span> <span class='ocrx_word' id='word_1_389' title='bbox 308 3959 488 4031; x_wconf 86' lang='lat' dir='ltr'>hoste</span> <span class='ocrx_word' id='word_1_390' title='bbox 509 3984 642 4032; x_wconf 90' lang='lat' dir='ltr'>non</span> <span class='ocrx_word' id='word_1_391' title='bbox 660 3958 1012 4057; x_wconf 85' lang='lat' dir='ltr'>spernenda</span> <span class='ocrx_word' id='word_1_392' title='bbox 1034 3959 1332 4032; x_wconf 81' lang='lat' dir='ltr'>occasio:</span> <span class='ocrx_word' id='word_1_393' title='bbox 1371 3960 1717 4057; x_wconf 85' lang='lat' dir='ltr'>praesertim</span> <span class='ocrx_word' id='word_1_394' title='bbox 1739 3985 1887 4033; x_wconf 91' lang='lat' dir='ltr'>cum</span> <span class='ocrx_word' id='word_1_395' title='bbox 1914 3969 1987 4033; x_wconf 88' lang='lat'>&amp;</span> <span class='ocrx_word' id='word_1_396' title='bbox 2006 3986 2089 4032; x_wconf 86' lang='lat' dir='ltr'>ex</span> <span class='ocrx_word' id='word_1_397' title='bbox 2111 3958 2292 4030; x_wconf 82' lang='lat' dir='ltr'>Italia</span> 
     </span>
     <span class='ocr_line' id='line_1_42' title="bbox 142 4050 2293 4225; baseline -0.005 -95"><span class='ocrx_word' id='word_1_398' title='bbox 142 4050 582 4160; x_wconf 83' lang='lat' dir='ltr'>Hispaniaque</span> <span class='ocrx_word' id='word_1_399' title='bbox 620 4078 807 4132; x_wconf 78' lang='lat' dir='ltr'>novae</span> <span class='ocrx_word' id='word_1_400' title='bbox 826 4053 1136 4153; x_wconf 67' lang='lat' dir='ltr'>cohortes</span> <span class='ocrx_word' id='word_1_401' title='bbox 1173 4053 1568 4225; x_wconf 54' lang='lat' dir='ltr'>acgenissent</span> <span class='ocrx_word' id='word_1_402' title='bbox 1588 4110 1611 4149; x_wconf 83' lang='lat'><em>,</em></span> <span class='ocrx_word' id='word_1_403' title='bbox 1648 4055 1973 4133; x_wconf 80' lang='lat' dir='ltr'>Trivultio</span> <span class='ocrx_word' id='word_1_404' title='bbox 2016 4062 2293 4134; x_wconf 71' lang='lat' dir='ltr'>Bracca-</span> 
     </span>
     <span class='ocr_line' id='line_1_43' title="bbox 1296 4170 2286 4247; baseline -0.002 -22"><span class='ocrx_word' id='word_1_405' title='bbox 1296 4170 1335 4225; x_wconf 78' lang='lat' dir='ltr'>c</span> <span class='ocrx_word' id='word_1_406' title='bbox 1379 4172 1422 4247; x_wconf 89' lang='lat'><em>5</em></span> <span class='ocrx_word' id='word_1_407' title='bbox 2090 4170 2286 4224; x_wconf 81' lang='lat' dir='ltr'>mon·</span> 
     </span>
    </p>
   </div>
  </div>
 </body>
</html>
