2900 4628
416 131 1471 259 HISTORI'ARVM
1553 176 1795 247 ιη.
1874 126 2340 271 v11.'3u

173 283 422 355 mitius
440 281 789 358 servitium.
855 284 1370 380 Iamqueinje&
1406 280 1546 354 solo
1584 282 1819 358 semina
1845 338 1868 373 ‚
1919 284 2136 358 &alia
2187 310 2346 382 pto-
2433 282 2640 386 1598.

173 376 383 476 spere
418 376 743 451 fluebant.‘
797 377 929 486 §ed
949 377 1249 449 homines
1284 376 1514 474 sponte
1551 385 1747 450 etiam
1781 384 2109 475 inexperta
2127 385 2348 452 omnia

160 469 1378 665 {Zesnffiglfi‘ass‘ssb‘ssffissssiffsssse
1400 470 2032 663 &affiigsszg‘i
2048 479 2410 663 3321}

164 656 427 731 heristis
446 660 623 732 velut
657 661 819 754 juris
858 663 1139 757 imagine
1170 657 1544 745 occiderat,
1593 684 1679 732 eo
1700 658 2016 759 supplicio
2052 660 2351 756 asperatae

159 753 594 827 multitudini
635 752 847 826 brevis
881 753 1205 826 interdum
1245 757 1421 852 pacis
1469 775 1884 851 acceptaeque
1922 757 2124 825 veniae
2163 753 2352 825 fimu-

160 847 351 922 latio
374 901 396 934 ,
528 868 822 946 rpetuum
843 846 1191 921 rebellandi
1209 847 1543 920 confilium
1563 846 1713 918 fuit.
1778 852 1872 918 At
1886 846 2079 946 legati
2119 850 2353 918 Muce-
2449 848 2466 856 “

164 945 374 1012 ronis
477 946 521 1013 ii
556 964 638 1015 ex
671 939 910 1015 infidiis
958 946 1285 1014 interemti
1337 994 1360 1028 ,
1434 966 1571 1013 non
1612 941 1744 1014 fine
1779 938 2241 1040 suspicionibus
2284 946 2356 1015 in

163 1034 613 1131 Clerhagium
639 1088 661 1123 ,
700 1054 773 1106 ut
792 1035 1183 1134 inspeciores
1221 1037 1685 1123 amonentem,
1731 1039 1944 1131 &qui
1965 1032 2030 1107 su
2080 1035 2350 1108 erabant

160 1125 369 1199 missa
394 1128 724 1201 muniendi
762 1153 912 1201 cura
936 1128 1262 1203 discordes
1298 1128 1893 1202 interseaddebant
1931 1130 2021 1201 ho
2078 1129 2220 1201 ibus
2245 1135 2347 1202 in-

157 1220 486 1320 surgendi
499 1221 851 1294 audaciam.
916 1224 1212 1296 Tandem
1233 1228 1309 1295 &
1324 1222 1480 1295 coeli
1503 1227 1881 1322 intemperie
1900 1223 2148 1296 morbis
2169 1220 2345 1320 gras·

158 1312 360 1390 sante
386 1371 410 1402 ‚
458 1330 721 1389 mortuo
741 1340 889 1390 cum
905 1317 1042 1389 aliis
1082 1319 1318 1391 Clerba
1374 1321 1440 1387 'o
1466 1370 1488 1402 ‚
1537 1326 1722 1415 pauci
1743 1319 2144 1403 incolumes,
2192 1324 2344 1413 qui·

159 1408 297 1483 hus
321 1422 559 1508 praeter
594 1412 1171 1484 nauticumvidlmm
1205 1340 1449 1484 nihffsu

158 1529 318 1576 rum
345 1558 367 1591 ,
392 1532 395 1539 ²
421 1528 564 1602 quae
583 1505 866 1578 Lusitani
890 1510 1205 1603 proximis
1223 1503 1441 1577 insulis
1466 1510 1540 1576 δε
1559 1509 1957 1597 continentis
1981 1529 2099 1576 ora
2131 1505 2342 1577 advo-

154 1619 478 1673 caverant
497 1653 521 1688 ,
569 1598 753 1672 tarde
808 1600 1340 1698 negligenterque
1403 1597 1707 1669 struaum
1748 1598 2105 1695 praefidium
2163 1597 2340 1673 dese-

156 1704 398 1765 ruere‘:
428 1719 580 1766 cum
600 1692 748 1766 sero.
765 1697 883 1765 viri
912 1747 933 1780 ,
977 1718 1152 1765 arma
1174 1748 1196 1781 ,
1217 1695 1520 1764 alimenta
1542 1747 1562 1780 ,
1608 1698 1766 1793 quin
1788 1699 1863 1765 δε
1887 1694 2175 1765 foeminae
2200 1750 2220 1781 ‚
2265 1699 2337 1765 in

154 1786 344 1885 spem
368 1787 686 1860 nascentis
733 1788 1016 1859 coloniae
1040 1842 1062 1877 ,
1113 1811 1151 1860 e
1172 1790 1424 1858 Batavis
1450 1787 1890 1864 adventarent.
1962 1790 2116 1857 Nec
2135 1787 2332 1883 Angli

157 1884 420 1954 interea
457 1879 777 1953 cessabant
801 1935 824 1968 ‚
871 1905 911 1953 e
943 1884 1128 1978 queis
1185 1880 1709 1952 Comberlandus
1756 1902 1978 1957 comes
2011 1880 2339 1977 Vlyffipo-

157 1974 791 2164 ‘ng‘ss‘ss'sssff'gffi
812 1972 2337 2140 szffsssszffffoessavssfffflzsszffffi&3⁰84ss

153 2163 462 2250 nebant,
515 2185 634 2234 nec
656 2168 865 2233 minus
903 2160 1130 2260 insigni
1178 2161 1459 2234 hostium
1498 2160 1897 2234 confeffione
1921 2216 1942 2248 ,
1989 2166 2106 2258 qui
2142 2186 2334 2234 unam

154 2257 561 2356 praedonum
609 2254 864 2331 classem
906 2280 1041 2328 non
1063 2256 1190 2329 ausi
1232 2253 1352 2328 fiiis
1375 2255 1706 2329 littoribus
1752 2256 2070 2354 depellere
2094 2310 2116 2344 ,
2161 2260 2333 2330 anti·

154 2352 528 2447 quiffimam
553 2369 753 2450 penes
788 2349 1055 2440 {ematis
1088 2347 1537 2449 poss'effionem
1576 2355 1642 2422 in
1681 2351 2003 2449 posterum
2036 2348 2330 2450 despera-

136 2442 330 2519 bant.
420 2446 596 2520 Iride
633 2447 1018 2518 Fortunatas
1065 2470 1180 2543 per
1217 2443 1445 2518 insulas
1490 2450 1860 2517 Amet-icam
1906 2446 2154 2519 delatus
2184 2452 2324 2518 auri

1456 1410 1764 1508 ppetebat
1784 1465 1806 1497 ,
1853 1432 2029 1484 metu
2066 1416 2342 1483 auxilio·

151 2544 311 2636 regii
332 2540 814 2614 transve&ores
848 2559 1098 2612 terrore
1122 2544 1450 2612 continuit
1485 2561 1506 2608 t
1553 2537 1665 2612 sed
1682 2562 1840 2610 mox
1873 2543 2118 2635 irrupta
2224 2536 2322 2610 su-

147 2630 207 2704 la
228 2688 249 2720 ,
271 2641 379 2706 cui
406 2638 767 2707 Porturico
788 2657 1033 2706 nomen
1061 2687 1081 2720 ,
1118 2633 1272 2705 nihil
1289 2653 1524 2732 praeter
1537 2630 2110 2731 praedam'expetiit
2128 2565 2324 2719 ,ffic-

149 2727 292 2799 &us
326 2728 607 2801 suorum
642 2728 889 2801 morbis
906 2750 979 2799 ut
1012 2724 1419 2816 abscederet,
1464 2751 1591 2820 an,
1640 2724 1812 2798 ursae
1924 2729 2061 2820 ejus
2229 2731 2318 2798 tis

153 2817 296 2908 alii,
338 2825 625 2896 victoria
644 2826 738 2893 uti
760 2825 1040 2919 ignarus.
1119 2821 1246 2894 Sed
1268 2825 1524 2895 Batavis
1542 2817 1656 2894 suo
1674 2825 1743 2893 in
1853 2843 2052 2893 ceano
2157 2843 2327 2893 rnna·
2372 2840 2598 2899 naevo:

152 2919 645 3011 reponebantur
668 2971 692 3005 ‚
714 2915 1026 2996 ,hostibus
1050 2937 1225 2986 mare
1237 2914 1318 2986 ad
1340 2917 1513 2985 furta
1531 2935 1782 2987 tantum
1811 2911 1953 2987 usur
2040 2914 2259 2987 nribus
2279 2970 2304 3000 ,
2333 2911 2545 2985 ms&
2573 2913 2631 2971 ὅ·

151 3029 315 3107 quos
328 3014 695 3084 Dunkerca
729 3010 859 3104 jam
893 3011 1098 3095 olim,
1145 3032 1316 3080 nunc
1345 3007 1520 3079 freto
1557 3014 1829 3105 propius
1860 2939 2160 3080 Cafentum
2196 3007 2307 3080 ad-
2332 2986 2544 3116 m

154 3104 477 3182 movebat.
550 3106 727 3198 Qo
743 3108 1064 3175 commoti
1083 3102 1317 3174 dolore
1354 3098 1700 3197 piscatores
1725 3156 1747 3187 ,
1799 3107 1873 3173 &
1892 3101 2067 3196 fiqui
2086 3124 2311 3174 nauta-

156 3215 294 3265 rum
329 3202 461 3270 vim
497 3199 780 3271 eandem
832 3195 1144 3269 senserant
1168 3250 1189 3283 ,
1239 3197 1653 3277 centuriones
1686 3195 1974 3267 clafficos
2006 3200 2313 3268 crimina-

156 3283 386 3362 bantur
419 3291 737 3368 occursus
761 3292 1138 3387 praedonum
1157 3294 1358 3363 vitare
1383 3342 1404 3377 ,
1447 3292 1654 3384 utqui
1690 3288 2014 3386 desperata
2033 3288 2226 3362 salute
2241 3294 2310 3362 in

156 3401 431 3456 mortem
472 3392 552 3459 δε
595 3385 909 3457 ultionem
948 3385 1349 3474 dimicarent.
1388 3399 1407 3413 ⁸
1438 3382 1734 3476 Qaefita
1765 3382 1940 3454 malo
1997 3384 2305 3457 remedia.

159 3471 241 3543 Et
279 3499 458 3550 erant
493 3483 615 3578 qui
654 3502 843 3551 naves
884 3503 962 3576 pr
1131 3503 1238 3552 ves
1278 3475 1540 3550 hostiles
1578 3480 1756 3548 intra·
1793 3498 2022 3578 portus
2062 3476 2307 3587 suppri-

160 3571 419 3642 mendas
475 3573 822 3646 crederent
862 3596 882 3640 :
934 3502 1389 3666 smuQuum·
1440 3588 1913 3668 ventorumque
1951 3577 2044 3644 vis
2086 3574 2300 3668 adjuta

165 3653 492 3737 hominum
550 3693 750 3744 manu
861 3672 1106 3741 uamvis
1169 3666 1411 3738 molem
1473 3666 1813 3760 disicerura
1866 3669 2296 3748 metuebatur.

173 3748 403 3854 Αμᾶιις
419 3762 641 3856 igitur,
667 3690 1084 3835 exaedificatis
1108 3765 1319 3849 novis,
1338 3783 1643 3839 numerus
1658 3764 1913 3836 navium
1933 3817 1952 3849 ,
1972 3755 2116 3859 quae'
2136 3787 2300 3860 pro·

175 3846 520 3926 ximelittus
538 3857 817 3930 hostium
839 3856 1232 3928 excubarent
1254 3908 1276 3941 ,
1324 3853 1642 3927 servandis
1675 3856 2020 3952 egteffibus
2046 3912 2066 3943 ,
2113 3881 2297 3953 quae-

170 3953 298 4026 que
332 3945 668 4023 inermibus
702 3951 840 4022 aliis
880 3949 1172 4047 praefidio
1197 3949 1584 4023 adsisterent.
1650 3951 1807 4022 Pars
1817 3949 1999 4048 jussor
2030 3952 2296 4024 scrutari

173 4025 403 4152 effugia
443 4090 465 4128 ,
529 4048 602 4115 &
636 4068 816 4119 mare
849 4046 1018 4121 velut
1049 4041 1443 4213 ἀεευίῑῧηάο
1482 4067 1851 4144 percurrere
1892 4069 1913 4115 ε
1962 4049 2299 4207 Pegoqusxe

1352 4161 1405 4231 4
1805 4215 1843 4222 ,,
2124 4160 2214 4205 ou
2239 4159 2296 4206 ae
2423 4207 2428 4218 .
