2900 4628
515 169 632 293 ’κ
1013 171 1668 288 ΗνόοΝιε
1777 218 2305 307 suoru

579 330 872 399 nomine.
899 326 1002 403 Re
1048 325 1230 414 endi,
1251 324 1352 398 seu
1372 323 1698 436 pugnandi
1722 347 1890 398 artes
1910 323 2465 426 spedamusmulla
2485 326 2751 401 foecuna

451 422 492 500 δ
578 418 733 492 dior
763 446 996 517 exemp
1020 445 1211 492 orum
1232 441 1530 491 materies
1553 452 1575 505 3
1625 444 1758 492 nee·
1771 446 1856 493 un
1909 445 2056 493 uam
2079 441 2211 493 tam
2234 426 2454 520 iniqua
2472 440 2753 495 conten-

579 520 763 586 tione
782 517 1027 587 tamdiu
1049 518 1411 610 acriterque
1430 535 1769 585 certatum.
1792 522 1861 587 la
1983 516 2193 588 multo
2209 536 2357 588 ante
2381 516 2771 589 hostilitati·

578 608 815 681 semina
838 612 1086 680 mireris
1107 664 1127 697 ,
1154 615 1254 692 δε,
1276 607 1616 706 postquam
1636 612 1813 680 auxit
1830 666 1850 693 ‚
1873 615 2005 681 vim
2030 614 2104 680 δε
2129 606 2386 682 fraudes
2408 615 2757 707 potentio-

578 727 747 785 rum,
766 703 1174 790 infirmorum
1193 701 1733 801 desperationem,
1757 726 1923 775 nova
1940 703 2298 789 foedera‚&
2316 708 2489 777 intus
2512 709 2757 777 iterum

577 796 852 884 diffidia,
872 819 1167 869 externas
1188 797 1470 893 denique
1483 799 1717 894 gratias
1738 795 2113 869 infoeliciter
2129 797 2445 894 quoefitas.
2476 800 2760 892 Qibus

577 890 890 962 aceessere
930 892 1248 1001 reliquum
1285 896 1348 962 iu
1396 910 1652 988 tempus
1686 891 2089 988 oppidorum
2115 897 2190 963 δε
2211 889 2612 981 castellorum
2628 917 2758 963 ex·-

579 1010 664 1081 pu
716 990 1005 1057 nationes
1025 1041 1043 1068 ‚
1069 984 1277 1057 infesti
1296 988 1615 1056 exereitus
1635 1037 1656 1070 ,
1683 1009 2150 1081 nonnunquam
2172 992 2248 1056 &
2268 984 2482 1083 praelia
2509 1040 2530 1073 ,
2551 990 2757 1059 maris

579 1103 658 1149 cu
667 1007 1021 1176 tglusdouga
1043 1078 1319 1182 ob‘ficlia,
1342 1077 1588 1150 nullum
1608 1077 1755 1151 belli
1815 1102 1975 1151 enus
1991 1079 2121 1152 fine
2141 1080 2370 1177 infigni
2387 1080 2758 1152 documen-

578 1195 676 1245 to.
710 1172 838 1245 Sed
859 1174 995 1244 haec
1018 1172 1225 1270 palam
1240 1172 1485 1245 vificata
1502 1195 1583 1245 ex
1602 1194 1743 1269 quo
1822 1194 2040 1244 rmatae
2060 1196 2159 1249 res
2185 1178 2569 1271 partium‚&
2585 1198 2757 1249 cun-

549 1269 680 1336 sta
702 1270 768 1339 in
790 1270 919 1339 vim
944 1286 1317 1339 verterunt‘:
1357 1263 1604 1338 facilius
1630 1263 1736 1337 aff
1803 1290 1921 1338 uar
1945 1320 1969 1354 ,
2015 1291 2162 1363 quae
2183 1271 2257 1337 δε
2277 1268 2408 1364 ipse
2427 1268 2755 1367 propiora

574 1361 789 1431 habeo
801 1366 900 1445 ,ἃς
915 1362 1020 1431 alii
1040 1386 1175 1432 non
1189 1364 1350 1433 item
1370 1290 2007 1458 praecepereffriora
2021 1361 2171 1433 belli
2192 1359 2458 1433 seeretis·
2469 1367 2751 1448 incerta,

576 1454 819 1526 casibus
850 1455 1105 1526 turbida
1131 1509 1151 1539 ‚
1199 1454 1409 1526 claros
1445 1451 1562 1525 scri
1612 1475 1788 1526 tores
1810 1457 1932 1524 'am
1951 1453 2188 1527 habent
2212 1507 2233 1540 ,
2279 1457 2475 1526 etiam
2497 1459 2751 1527 Latino

575 1548 887 1621 sermone.
963 1550 1093 1620 Sed
1113 1548 1378 1645 quando
1401 1547 1534 1621 fine
1601 1552 1653 1619 is
1677 1570 1759 1618 ne
1778 1480 1882 1620 illa
1908 1548 2173 1645 quidem
2204 1548 2348 1619 satis
2372 1550 2693 1648 intelligas
2710 1603 2746 1638 ,

576 1641 750 1716 haud
772 1648 1205 1739 incongruens
1227 1667 1374 1713 reor
1396 1696 1418 1730 ,
1453 1641 1845 1713 tumultuum
1863 1640 2073 1713 causas
2100 1694 2130 1726 ‚·
2146 1646 2221 1713 δε
2295 1665 2392 1713 uae
2409 1644 2599 1714 initio
2618 1642 2749 1714 ab-

575 1735 775 1834 usque
793 1735 1223 1823 intercessere,
1244 1734 1428 1835 supra
1449 1757 1739 1836 repetere
1756 1768 1778 1821 3
1804 1755 1875 1806 ut
1892 1736 2071 1808 brevi
2091 1734 2202 1806 ins
2332 1761 2395 1820 u,
2414 1737 2574 1832 quid
2593 1741 2745 1809 cui·-

573 1854 708 1926 que
735 1831 978 1902 confilii
1000 1855 1147 1901 eum
1176 1852 1414 1903 eventu
1431 1832 1865 1928 comparetur.
1918 1828 2023 1901 Est
2044 1830 2187 1901 sane
2204 1853 2278 1901 ea
2293 1854 2505 1900 rerum
2523 1829 2745 1928 gesta-

570 1947 723 1995 rum
739 1924 1226 2022 magnitudomt
1241 1930 1574 2021 peregrina
1594 1927 1789 1994 etiam
1811 1927 2065 2019 ingenia
2082 1928 2148 1993 in
2170 1922 2485 1995 scribendi
2511 1948 2735 1996 curam

570 2019 927 2089 adverterit
964 2042 986 2088 ε
1028 2015 1136 2093 ίίτά
1151 2020 1281 2092 hoc
1305 2041 1429 2089 nos
1453 2020 1658 2114 magis
1677 2014 1970 2089 adverlus
1992 2020 2263 2113 patriam
2279 2022 2512 2116 ingrati
2539 2071 2560 2104 ,
2609 2043 2736 2115 po-

570 2112 890 2183 sterorum
925 2111 1296 2183 commodis
1336 2111 1537 2182 invidi
1562 2132 1853 2183 tenemur
1873 2165 1892 2196 ,
1939 2111 1986 2183 si
2013 2164 2033 2196 ,
2077 2133 2224 2207 quae
2242 2131 2432 2182 tanto
2504 2118 2733 2209 ropius

571 2205 799 2277 datum
838 2203 1228 2303 cognoscere
1252 2260 1274 2292 ,
1322 2205 1634 2280 exactiori
1667 2208 1977 2276 memoria
1991 2201 2379 2277 fraudamus.
2431 2242 2442 2257 2
2527 2229 2631 2295 arn
2648 2211 2733 2277 δε

570 2300 949 2373 nostratium
987 2300 1276 2397 plerique
1307 2297 1423 2370 scri
1477 2319 1648 2370 tores
1665 2303 1843 2370 vanis
1864 2299 2232 2371 rumoribus
2257 2304 2330 2369 &
2352 2305 2728 2397 incomper-

568 2397 655 2465 tis
680 2449 702 2481 ,
740 2415 812 2464 ut
832 2417 1108 2490 quaeque
1129 2397 1405 2491 partium
1480 2392 1635 2466 udio
1655 2393 2074 2488 vulgabantur
2093 2447 2115 2480 ,
2167 2393 2610 2465 credulitatem
2629 2397 2725 2466 le-

559 2511 566 2518 ·
618 2492 866 2559 entium
885 2486 1195 2586 decepere
1220 2511 1239 2557 :
1263 2509 1404 2558 tum
1424 2487 1470 2559 fi
1488 2491 1594 2558 cui
1615 2511 1760 2559 vera
1778 2485 2082 2558 noscendi
2105 2486 2374 2583 cupide,
2396 2511 2506 2559 aut
2524 2512 2728 2560 occa-

564 2510 661 2653 fio
680 2582 829 2668 fuit,
851 2601 1198 2654 contentus
1219 2586 1293 2653 &
1314 2580 1417 2652 hic
1430 2580 1600 2653 velut
1621 2580 1848 2653 diurna
1868 2603 2292 2678 componere.
2314 2583 2484 2653 Mihi
2505 2606 2726 2679 popu-

562 2674 608 2745 li
634 2697 850 2754 motus
876 2731 897 2764 ,
939 2681 1014 2747 &
1034 2677 1223 2748 rebus
1244 2673 1715 2772 praefidendum
1741 2673 2191 2767 meditamenta
2214 2731 2239 2758 ,
2288 2679 2361 2746 &
2380 2676 2550 2747 unde
2564 2700 2728 2774 pro·

568 2771 748 2843 vesta
764 2768 1152 2857 dominatio,
1179 2769 1289 2841 ubi
1310 2769 1590 2855 deflerit,
1612 2772 1858 2865 aperire
1875 2771 2148 2841 animus.

296 2883 475 2960 Belgica
657 2867 837 2959 Qae
868 2886 1103 2963 gentes
1139 2863 1356 2934 Rheni
1397 2859 1659 2947 insulam
1683 2867 1756 2931 &
1774 2866 2072 2959 utrinque
2089 2861 2283 2935 adfita
2309 2916 2330 2949 ,
2374 2865 2453 2936 ad
2477 2862 2723 2938 fretum

247 2965 427 3016 vum}
470 2956 538 3043 l(-
570 2956 769 3056 ustlue
788 2963 1208 3030 Morinorum
1234 2957 1307 3028 &
1332 2949 1658 3029 Am'afium
1681 2955 1921 3027 flumen
1938 3013 1961 3040 ‚
1982 2955 2209 3028 colunt
2228 3009 2249 3042 ,
2270 2957 2418 3029 hinc
2440 2959 2522 3030 ad
2548 2964 2723 3031 Ger-

245 3028 433 3156 }„255'
478 3029 847 3144 “fimaniam
866 3101 889 3140 ‚
942 3053 1093 3124 inde
1125 3053 1205 3122 ad
1224 3051 1552 3149 Belgicam
1571 3069 1848 3124 veterem
1917 3054 2217 3144 ertinent.
2284 3053 2414 3124 Sed
2439 3059 2721 3126 Germa-

240 3141 508 3246 Bagai-tan
569 3152 711 3219 nica
730 3147 1044 3244 plerisque
1064 3150 1259 3244 origo
1283 3200 1304 3233 ,
1354 3145 1536 3216 &lin
1629 3167 1707 3215 a:
1754 3168 1838 3214 un
1888 3168 2066 3217 euna
2086 3168 2237 3216 cura
2257 3143 2409 3219 belli
2433 3147 2721 3218 &liber-

241 3247 372 3318 „0'1'30
388 3288 404 3316 .
439 3246 534 3308 lia·
564 3247 712 3314 tatis
730 3275 751 3328 3
772 3239 986 3312 donec
1002 3244 1393 3312 commercia
1412 3244 1489 3311 δε
1536 3263 1644 3310 uas
1660 3258 1828 3312 artes
1852 3238 2135 3310 Romani
2157 3244 2449 3312 invexere
2470 3293 2490 3327 ,
2509 3235 2714 3331 socii,

237 3334 387 3417 2⁹⁸²*
488 3374 498 3379 ·
560 3358 671 3408 aut
688 3338 985 3408 viistores.
1015 3333 1256 3406 Manfit
1277 3356 1490 3404 tamen
1507 3357 1834 3405 armorum
1849 3332 2005 3417 laus,
2022 3333 2133 3406 sub
2151 3334 2401 3404 auxiliis
2417 3338 2711 3423 interim,

559 3437 635 3501 &
661 3453 776 3528 per
790 3429 1212 3503 rebellionem
1238 3432 1519 3500 exercita
1533 3432 1790 3500 virtute.
1829 3427 2023 3514 Post,
2046 3428 2159 3499 ubi
2179 3425 2472 3524 plurimae
2495 3433 2715 3500 natio-

520 3588 524 3591 <
557 3549 670 3597 nes
691 3579 711 3609 ‚
737 3525 909 3595 velut
932 3522 1114 3620 figno
1132 3521 1288 3593 dato
1309 3576 1329 3609 ,
1357 3520 1591 3593 orbem
1612 3523 1986 3592 Romanum
2007 3527 2138 3594 irru
2256 3544 2295 3591 e
2318 3576 2339 3609 ,
2365 3527 2579 3594 omnis
2598 3524 2710 3595 hic

551 3619 794 3690 tractus
815 3623 880 3688 in
897 3619 994 3710 jus
1017 3620 1412 3687 Francorum
1433 3614 1779 3701 conceffit3
1805 3616 2017 3688 donec
2031 3613 2112 3687 sc‘
2168 3639 2201 3685 a
2222 3622 2538 3712 potentia,
2559 3640 2710 3714 pars

641 3737 751 3784 nes
768 3712 998 3784 Galliae
1018 3711 1356 3796 dominos,
1384 3734 1530 3805 pars
1550 3732 1745 3806 penes
1766 3714 2194 3808 Imperatores
2211 3705 2572 3783 Germanos
2592 3709 2710 3782 ad-

598 3804 942 3876 aeresceret.
1015 3805 1291 3969 Vtrisque
1330 3823 1544 3875 autem
1562 3859 1585 3887 ,
1632 3824 1864 3900 praeter
1882 3807 2173 3876 civitates
2192 3801 2513 3876 sacrorum
2531 3827 2706 3876 reve-

551 3905 753 3972 rentia
787 3901 1029 3972 dicatas
1046 3902 1149 3995 epi
1178 3901 1363 3996 copis
1384 3951 1406 3984 ,
1453 3921 1603 3969 cum
1619 3901 1898 3994 primum
1925 3897 2437 3971 Christianorum
2457 3917 2708 3970 nomen

272 4030 483 4087 cm„
548 3993 981 4081 invalesceret,
1002 3991 1183 4088 quod
1206 3992 1464 4090 longius
1482 3992 1595 4088 ipfi
1610 3992 1901 4079 aberant,
1927 3991 2270 4090 praefet‘ssos
2286 3992 2559 4078 dedere3
2581 3998 2700 4085 qui

234 4105 406 4163 vaes.
497 4072 518 4104 ’
548 4109 849 4188 regerent
873 4143 894 4178 ‚
919 4106 1249 4160 tuerentur
1270 4139 1292 4178 ,
1322 4089 1643 4162 comitum
1664 4138 1688 4177 ‚
1707 4086 1945 4162 ducum
1967 4141 1987 4179 ,
2005 4106 2121 4178 raut
2141 4085 2326 4163 fimili
2343 4086 2692 4257 vocssulo.

2548 4202 2700 4253 uces
