2900 4628
401 261 415 278 .
603 212 926 301 480„‚
1041 205 1696 284 chomrs
1812 208 2340 277 GRoTti

351 319 557 389 1606.
603 343 710 395 tur
733 367 754 409 ,
777 317 1171 420 promisere,
1247 342 1325 390 ro
1347 341 1487 414 quo
1503 319 1660 390 αᾶκ
1679 340 1794 414 per
1822 315 2035 386 lit'eras
2052 319 2275 413 gratiae
2294 313 2747 400 multaverbo-

603 441 748 490 rum
783 421 1117 498 comitate.
1251 433 1514 485 aeterum
1554 413 1836 509 prudens
1866 412 2137 483 Senatus
2165 461 2188 496 ‚
2234 430 2310 480 ut
2330 410 2480 505 jura
2505 405 2748 509 imperii

603 509 864 582 fortiter
892 508 1190 581 tuebatur
1208 561 1229 595 ,
1266 510 1357 579 ita
1379 530 1526 604 quae
1559 509 1702 604 paci
1733 526 1843 577 aut
1861 505 2176 598 majorum
2192 507 2596 595 caeremoniis
2623 525 2748 575 tur-

481 625 492 634 ·
604 604 833 677 bandis
867 624 1046 674 erant
1071 656 1092 688 ‚
1126 604 1315 674 anxie
1350 600 1615 674 vitabat.
1681 598 1758 671 Id
1781 603 2036 672 interim
2053 601 2442 694 principium
2459 601 2759 670 amicitiae·

605 697 729 769 fuit
748 704 916 774 inter
933 699 1103 767 duos
1118 693 1528 767 validiffimos
1548 699 1845 768 omnium
1864 747 1885 779 ‚
1924 695 2037 788 qui
2060 717 2195 764 non
2209 711 2563 790 regnantur
2584 748 2605 786 ,
2625 717 2745 792 po·

509 863 524 878 ,
609 794 935 890 pulorum.
1003 794 1183 884 Qae
1219 790 1375 868 dum
1408 789 1583 885 apud
1625 809 1927 859 externos
1967 808 2292 883 aguntur,
2345 788 2538 860 initio
2570 788 2746 884 hujus

282 872 524 1019 stffffiff
512 935 568 990 in
609 891 759 963 anni
789 889 1008 957 Batavi
1029 884 1282 956 classem
1305 888 1369 954 in
1389 880 1761 979 Hispaniam
1779 885 2044 952 mittunt
2064 933 2088 966 ,
2130 906 2209 951 au
2297 875 2442 950 ndae
2464 932 2488 967 ,
2515 904 2655 977 quae
2670 881 2747 954 il-

289 1007 569 1082 ndpm
608 982 692 1053 lic
707 979 835 1051 effe
859 977 1178 1052 ferebatur
1199 1030 1226 1065 ,
1245 1043 1253 1060 ,
1270 981 1508 1074 inopiae
1534 1029 1555 1064 ,
1590 975 1902 1072 fimulque
1920 974 2212 1058 vindicati
2265 979 2317 1044 is
2330 996 2481 1069 quae
2500 975 2746 1048 modica

293 1080 534 1151 natm,
607 1065 840 1148 damna
873 1081 1252 1172 acceperant
1273 1126 1297 1159 ,
1341 1074 1600 1168 irruptis
1633 1094 1674 1139 a
1704 1070 2046 1144 Ludovico
2086 1068 2403 1144 Paizardo
2444 1070 2700 1166 navibus
2720 1123 2759 1171 ,ζ

603 1192 751 1264 quae
788 1167 894 1240 sali
929 1167 1283 1265 quaerendo
1324 1169 1643 1237 Americae
1677 1164 1853 1259 apud
1882 1161 2104 1236 insulas
2139 1159 2623 1242 incustoditaeat
2668 1187 2759 1235 ue.

600 1268 879 1346 inermes
915 1263 1287 1360 palabantur
1320 1284 1341 1330 ε
1390 1283 1663 1356 quarum
1682 1279 1890 1330 nautae
1908 1258 2128 1345 mei-fi,
2162 1255 2434 1354 suspenfi
2458 1312 2482 1348 ‚
2525 1282 2643 1329 exu
2698 1262 2745 1329 '.
2854 1259 2861 1264 ’

545 1435 546 1438 ,
599 1359 732 1431 Sed
753 1364 934 1454 prius
946 1360 1203 1436 edixere
1220 1355 1549 1440 Ordines,
1581 1356 1828 1450 nequis
1847 1356 2109 1440 civium,
2117 1376 2240 1517 ἓ(
2304 1356 2481 1440 entis
2493 1353 2743 1425 alterius

599 1450 994 1530 frumentum
1033 1451 1229 1526 aliave
1259 1453 1328 1521 in
1365 1445 1738 1544 Hispaniam
1768 1447 2010 1519 ferrent
2043 1501 2067 1534 ,
2226 1451 2389 1534 onim
2429 1452 2507 1519 δε
2542 1474 2633 1520 nu

596 1565 944 1643 comperto
991 1544 1245 1620 allectas
1280 1548 1349 1620 in
1384 1540 1560 1641 spem
1602 1545 1982 1624 commercii
2020 1565 2212 1616 naves
2253 1539 2504 1614 bellicis
2545 1471 2749 1616 uligo}

593 1643 856 1724 attineri
900 1661 920 1709 ε
969 1642 1064 1715 ire
1091 1636 1154 1710 ie
1171 1632 1489 1710 obseffum
1515 1636 1773 1710 hostiles
1793 1645 2022 1735 portus
2041 1690 2064 1724 ‚
2108 1661 2192 1708 eo
2216 1634 2505 1733 quisquis
2528 1637 2750 1710 tende·

465 1789 471 1796 .
597 1752 696 1805 ret
715 1790 749 1824 „
785 1734 1071 1830 praedam
1097 1732 1268 1804 fore.
1336 1728 1550 1804 Miffae
1596 1734 1823 1829 viginti
1871 1751 2152 1827 quatuor
2194 1753 2384 1803 naves
2432 1731 2750 1827 publiea,

304 1843 575 1927 magne
599 1827 957 1904 Wilhelmo
995 1828 1343 1904 Hautaenio
1373 1829 1726 1922 imperante
1760 1849 1790 1908 ,ε
1838 1846 1977 1897 tum
2005 1849 2166 1922 quas
2212 1828 2445 1923 privati
2478 1830 2547 1898 in
2581 1822 2751 1923 spem

263 1908 558 2014 ’Qu’-
599 1922 837 2020 praedae
857 1941 1251 2004 armaverant
1270 1974 1293 2009 ,
1311 1944 1557 2019 magno
1575 1943 1847 1998 numero
1864 1977 1889 2005 ,
1913 1919 2018 1991 sed
2038 1924 2175 2017 regi
2198 1919 2546 2010 indociles.
2592 1918 2749 1992 luffa

302 2066 315 2081 .
371 2079 377 2086 .
595 2038 975 2115 acceperant
1012 2020 1372 2090 venientem
1406 2038 1488 2088 ex
1532 2017 1841 2094 America
1883 2012 2135 2085 claffem
2176 2018 2565 2111 intercipere
2606 2068 2631 2101 ‚
2677 2019 2767 2088 δε.

593 2111 977 2186 Lufitanicis
1043 2112 1308 2188 navibus
1353 2113 1421 2182 in
1466 2114 1719 2184 Indiam
1776 2113 1961 2180 ituris
2019 2109 2416 2207 praecludere
2446 2113 2749 2198 exitum,

591 2227 793 2300 quam
830 2211 898 2278 in
939 2230 1076 2284 rem
1112 2204 1383 2284 societas
1423 2204 1727 2276 Indicana
1764 2207 2051 2300 pecunia:
2084 2202 2253 2274 haud
2278 2227 2507 2301 parum
2526 2207 2747 2282 aeraxio

592 2299 894 2377 intulerat
914 2354 936 2388 ‚
971 2325 1112 2397 quo
1142 2301 1428 2377 &armis
1452 2298 1734 2373 bostium
1756 2304 1831 2369 δι
1848 2319 2076 2371 contra
2099 2297 2498 2371 licitantibus
2518 2298 2705 2372 liberi
2723 2351 2749 2386 ,

590 2409 731 2463 tuta
763 2418 840 2464 ac
872 2392 1543 2469 lucrosa-commercia
1577 2397 1911 2489 agitarent.
1976 2390 2324 2479 Hautaenio
2348 2392 2611 2469 tardum
2630 2398 2757 2465 iter

590 2489 800 2575 ventis
837 2486 1318 2567 obluctantibus
1345 2539 1368 2573 ‚
1413 2483 1536 2575 sed,
1559 2487 1918 2585 praedarum
1942 2485 2105 2558 haud
2127 2509 2409 2584 egenum
2430 2542 2454 2575 ,
2500 2510 2658 2559 cum
2680 2493 2757 2559 δε

587 2601 981 2655 mercatores
1017 2580 1254 2655 obvios
1293 2584 1370 2649 &
1407 2579 1628 2652 littora
1651 2582 2092 2678 popularetur.
2157 2581 2545 2666 Lufit'anicae
2563 2595 2759 2654 naves

309 2740 342 2758 l
587 2693 855 2749 retentae
877 2729 900 2762 ‚
944 2673 1162 2757 donec
1202 2674 1540 2770 desperato
1574 2682 1751 2746 exitu
1786 2696 2123 2771 acceptum
2155 2678 2287 2773 jam
2316 2700 2487 2747 onus
2528 2680 2599 2748 in
2628 2697 2762 2747 ter·-

559 2789 728 2838 ·ram
761 2789 1178 2867 reponerent.
1251 2772 1361 2840 De
1399 2769 1800 2841 Americanis
1822 2769 1989 2845 allati
2018 2774 2268 2857 nuntii,
2312 2793 2511 2842 unam

587 2880 666 2933 to
702 2868 889 2960 regio
924 2862 1219 2939 onustam
1254 2918 1278 2948 ,
1326 2865 1595 2945 Batavae-
1620 2868 1764 2937 navi
1803 2864 2177 2959 implicitam
2220 2869 2458 2961 pariter
2671 2888 2713 2937 e
2734 2918 2759 2953 ‚

585 2975 718 3027 tres
738 2957 1222 3055 tempestatibus
1247 2953 1570 3037 absumtas
1592 3011 1615 3045 ‚
1661 2977 1942 3054 quatuor
1963 2963 2247 3034 Havanae
2265 2978 2465 3057 portu
2488 2961 2718 3030 inanes
2734 3014 2762 3044 ,

584 3049 656 3121 id
682 3056 856 3127 enim
877 3051 1233 3129 addebatur
1250 3104 1270 3135 ‚
1317 3056 1605 3149 oppetiti
1628 3053 1967 3148 navigandi
1985 3075 2305 3149 tempora.
2372 3061 2467 3123 At
2486 3056 2765 3124 Hautae·

585 3148 765 3216 nium
800 3148 930 3242 jam
967 3148 1172 3221 vietus
1213 3143 1583 3229 defecerat,
1630 3150 1703 3227 &
1725 3142 1932 3219 missas
1965 3172 2004 3218 e
2040 3151 2291 3227 Batavis
2319 3169 2623 3218 recentes
2644 3171 2765 3218 na-

291 3251 561 3326 claffisdo-
585 3242 759 3311 vium
786 3294 806 3326 ,
848 3264 994 3336 quae
1014 3234 1567 3315 alimenta-ferrent
1592 3294 1613 3324 ‚
1649 3246 1822 3311 venti
1846 3242 2284 3321 morab-antur.
2351 3245 2478 3323 His
2499 3243 2767 3313 decan·

272 3343 331 3449 τ
332 3346 417 3381 usn
442 3339 557 3402 W·
587 3331 663 3405 fis
700 3357 922 3431 coepta
966 3334 1178 3407 aestate
1217 3334 1491 3404 domurn
1531 3338 1776 3405 revenit
1798 3389 1833 3421 7
1880 3335 2249 3432 exspectato
2290 3337 2594 3407 celerius.
2666 3340 2765 3419 At

270 3465 412 3524 ,md
439 3485 542 3542 ⁶3,-
587 3448 955 3524 quanquam
984 3428 1166 3503 tarde
1182 3431 1502 3498 exercitus
1524 3429 1824 3525 prodiere
1848 3482 1868 3519 ,
1920 3455 2055 3500 non
2077 3429 2382 3502 cessatum
2403 3454 2443 3500 a
2465 3428 2624 3501 belli
2641 3453 2766 3499 cu·

268 3539 494 3599 unda.
512 3565 526 3574 ·
585 3526 672 3592 ris
692 3575 711 3607 ‚
748 3527 1043 3619 inquieto
1065 3526 1385 3632 praecipue
1407 3522 1695 3594 Terralia
1714 3575 1734 3608 ,
1764 3546 2003 3619 exquo
2020 3528 2239 3599 irritos
2264 3524 2616 3621 adBergas
2634 3546 2769 3593 oo-

291 3615 558 3695 thugm·
588 3637 771 3687 natus
810 3644 944 3689 non
980 3618 1096 3689 fibi
1132 3671 1155 3703 ,
1204 3616 1310 3689 sed
1352 3617 1542 3688 militi
1580 3617 1962 3712 imputabat.
2033 3621 2117 3699 Et
2149 3617 2326 3692 forte
2361 3625 2433 3691 in
2467 3621 2770 3689 Batavos

265 3682 556 3829 {xj'rss‘m
586 3715 835 3805 equites
873 3710 1122 3809 illapsus
1149 3765 1168 3797 ‚
1215 3732 1618 3808 acceptoque
1639 3709 1897 3785 vulnere
1928 3716 2036 3785 vix
2056 3708 2207 3811 fuga
2243 3714 2602 3785 incolumis
2625 3764 2652 3798 ‚
2689 3731 2767 3780 ut

265 3826 503 3885 nm
584 3805 931 3877 revaluerat
953 3859 973 3891 ,
1019 3806 1396 3902 flagrantior
1434 3808 1503 3877 in
1537 3806 1855 3878 ultionem
1878 3802 2224 3887 ferebatur.
2294 3811 2456 3883 Hoc
2475 3809 2762 3891 incitan-

252 3899 500 3981 grasceps,
583 3916 650 3968 te
735 3903 1024 3997 ningenti
1066 3900 1503 3998 Hispanorum
1541 3907 1795 3997 equites
1838 3902 2143 3979 Rhenum
2177 3901 2485 3987 tranfiere
2514 3956 2540 3984 ‚
2592 3921 2765 3997 pre»-

258 3968 553 4100 Μ
583 3996 668 4064 mi
722 4016 768 4061 o
802 4016 1065 4067 rumore
1100 3999 1408 4069 Batavum
1446 4016 1484 4066 a
1519 3993 1580 4066 ie
1613 3999 1902 4091 equitem
1940 3999 2075 4093 peti
2099 4004 2136 4084 ‚‘
2166 4001 2280 4093 qui
2316 3992 2759 4096 perduaond

261 4108 396 4179 cogit.
578 4089 1016 4165 Brunovicum
1047 4088 1212 4165 fines
1249 4088 1521 4177 Ernesto
1561 4090 1873 4167 Nassavio
1909 4090 2163 4167 redibat
2197 4091 2340 4169 abta
2375 4116 2501 4192 per
2516 4111 2762 4189 agrum

2531 4183 2764 4259 Patel-
