2900 4628
531 130 656 209 312
954 58 2275 199 Hvoon-rseno'ru

244 226 452 323 1598.
528 220 772 299 Dousae
804 222 1068 296 modica
1095 244 1246 295 cum
1281 219 1470 295 classe
1492 218 1831 332 mandatur
1869 222 2020 295 freti
2061 219 2379 332 custodia.
2445 219 2701 332 Prosci-

347 340 387 424 ‚¹
515 344 659 419 ‘pua
690 319 1026 391 Ordinum
1068 341 1223 390 cura
1243 371 1265 406 ,
1311 337 1384 389 ut
1421 313 1742 390 crescente
1772 342 1842 388 in
1863 313 1927 390 se
1964 314 2142 390 bello
2179 336 2421 416 pariter
2437 315 2706 426 reditus

191 417 481 564 '1355310-
532 415 918 580 anlffitarent
957 410 1921 582 :ffiquoddm'lodestgscceptki'xem
1951 435 1991 483 a
2021 409 2493 581 flltbggonsctta
2511 434 2708 577 peg-

197 560 472 690 mm:
510 532 1215 692 {ssrssssffifessuafflss
1259 530 1502 699 ὦ
1506 608 1568 673 ω
1586 531 1757 674 1321?
1760 530 2031 677 ’πωῖὲῖ
2048 533 2097 683 ,¹
2111 529 2454 700 &0332
2473 530 2710 673 3310}

189 702 460 781 [Μή.
538 724 654 772 nes
671 704 737 793 in
761 698 1059 797 publicos
1078 694 1221 806 usus
1235 720 1351 769 ero
1469 716 1583 770 ent
1601 750 1626 784 ,
1664 699 1967 794 privatim
1984 696 2451 807 detinerentur.
2500 696 2709 804 Prin·

537 797 717 890 cipio
750 792 1168 865 institutionis
1205 721 1584 864 Chr'ffiisanae
1607 844 1630 878 ‚
1678 795 1757 862 δε
1787 787 2056 865 subinde
2085 789 2391 890 gliscente
2426 788 2651 862 studio
2673 841 2702 878 ‚

423 952 427 969 ι
534 887 705 959 clara
743 889 1075 981 religionis
1137 890 1361 969 civitas
1406 904 1778 984 proventus¹
1804 884 2154 996 collegerat
2179 940 2202 975 ,
2250 890 2437 981 queis
2480 888 2703 959 virum

532 985 990 1080 virginumque
1034 980 1527 1054 coetusdiverfis
1544 983 1791 1054 Divum
1810 980 2196 1085 ¹nominibus
2217 974 2471 1076 iepofiti
2543 982 2616 1049 io
2635 973 2703 1049 se

392 1160 396 1171 Ι
531 1080 686 1147 otio
722 1075 1136 1149 sustentarent
1160 1129 1182 1163 ,
1214 1075 1413 1172 ¹quod
1453 1074 1826 1146 translatum
1856 1072 2335 1149 exonerandam
2368 1072 2457 1146 ad
2516 1073 2701 1145 obo-

531 1170 663 1245 lem
686 1223 708 1258 ,
749 1190 1028 1244 veterem
1042 1190 1216 1241 certe
1230 1170 1410 1243 usum
1427 1167 1812 1267 jampridem
1836 1221 1858 1256 ,
1879 1188 1949 1241 at
1971 1223 1996 1258 ,
2030 1168 2702 1273 verso-perhaecartna

532 1266 872 1364 religionis
895 1263 1071 1338 vultu
1097 1316 1116 1349 ,
1164 1268 1356 1336 etiam
1377 1262 1655 1362 speciem
1678 1261 2087 1373 perdiderat,
2131 1263 2291 1373 dum
2327 1265 2706 1371 partimju-

534 1382 761 1434 ventus
778 1359 983 1430 literis
997 1378 1267 1457 operata
1287 1356 1584 1431 solatium
1606 1359 1760 1431 inde
1779 1364 2013 1457 accipit
2035 1413 2058 1448 ,
2148 1378 2339 1430 artim
2372 1353 2707 1456 ignavrffi-

534 1477 683 1526 mus
728 1457 1009 1620 qibaisque
1046 1457 1253 1552 gratia
1287 1474 1399 1524 aut
1445 1455 1661 1551 pretio
1703 1455 1902 1550 partis
1940 1475 2054 1551 per
2114 1458 2373 1551 aginam
2407 1458 2484 1522 &
2519 1449 2706 1520 lasci·

536 1550 764 1620 viama
814 1552 1014 1619 utitur
1046 1571 1066 1616 z
1122 1553 1197 1618 &
1218 1568 1435 1620 tamen
1460 1545 1662 1617 iidem
1687 1570 1730 1618 .e
1808 1546 2116 1621 lefiastico
2150 1550 2418 1619 nomine
2452 1549 2522 1619 in
2536 1568 2705 1616 con-
2809 1614 2816 1621 .

536 1662 733 1717 ventu
756 1694 778 1729 ,
799 1645 1203 1738 quiimperat
1228 1697 1250 1730 ‚
1274 1648 1342 1714 in
1360 1636 1650 1715 consessu
1670 1666 1757 1739 ‚q
1802 1636 2104 1715 idecreta
2117 1641 2485 1739 exsequitur
2505 1694 2528 1729 ,
2565 1639 2705 1712 sen-

390 1814 393 1819 *
538 1742 808 1807 tentiam
830 1736 1057 1807 dicunt
1090 1742 1281 1835 primi
1292 1738 1430 1810 eod
1589 1730 1822 1834 uejure
1839 1760 1978 1832 quo
1998 1757 2141 1809 tota
2160 1735 2469 1809 nobilitas
2490 1787 2513 1824 ‚
2557 1757 2704 1831 quo

540 1836 770 1903 tertius
793 1832 1013 1925 ordo;
1052 1834 1234 1927 cujus
1255 1851 1504 1931 partem
1587 1852 1786 1903 teram
1809 1832 1961 1904 urbs
1979 1883 2002 1919 ‚
2038 1830 2300 1904 alteram
2322 1829 2572 1928 oppida
2608 1825 2707 1900 fa·

541 1928 743 2017 ciunt.
810 1927 939 1998 Vix
960 1926 1316 1999 Procerum
1353 1924 1824 1999 foederatorum
1867 1929 2317 2028 Principisque
2346 1924 2707 2019 austeritas

540 2023 703 2091 iram
724 2020 1013 2096 adversus
1050 2024 1189 2093 liaec
1208 2020 1428 2120 vulgi,
1477 2024 1607 2120 jam
1628 2026 1704 2092 &
1733 2020 2040 2121 exemplo
2070 2019 2481 2117 metuendam
2516 2041 2707 2091 com-

542 2113 784 2210 posuit.
852 2120 1074 2210 Atque
1093 2121 1353 2189 interim
1378 2117 1540 2188 Rex
1561 2116 1897 2215 Philippus
1935 2140 2003 2188 re
2023 2118 2380 2188 nummaria
2398 2134 2471 2187 ut
2509 2132 2704 2211 pote-

542 2228 644 2277 rat
680 2207 1026 2283 constituta
1047 2263 1069 2295 ‚
1113 2233 1405 2282 unacum
1444 2210 1595 2285 belli
1616 2214 1806 2283 minis
1844 2232 2227 2310 promotum
2261 2210 2399 2282 ibat
2419 2210 2596 2308 pacis
2615 2204 2699 2301 il·

543 2299 930 2377 lediameuta
967 2326 987 2373 ε
1021 2328 1098 2375 ac
1129 2308 1281 2401 quia
1320 2329 1437 2397 per
1470 2305 1794 2405 Belgicam
1822 2358 1845 2392 ,
1891 2327 1963 2378 ut
1998 2309 2270 2405 pecunia
2290 2359 2315 2394 ,
2357 2309 2442 2377 ita
2483 2300 2702 2399 milite

276 2410 515 2486 Philippu
549 2420 717 2495 opus
742 2451 765 2484 ‚
815 2405 889 2468 &
912 2403 1188 2470 maxime
1210 2397 1531 2474 fidebatur
1553 2396 1840 2496 Hispano
1861 2454 1883 2487 ‚
1899 2421 2140 2498 'praeter
2155 2424 2367 2474 novos
2387 2396 2704 2486 delefflis,

216 2483 515 2611 ngt‘
602 2496 863 2606 nifirca
884 2491 1047 2563 fines
1067 2492 1370 2589 Belgicos
1397 2496 1754 2592 agebantur
1772 2548 1793 2580 ,
1825 2494 2126 2594 oppletas
2158 2498 2313 2570 viris
2331 2517 2523 2568 naves
2540 2491 2704 2565 duas

166 2609 167 2612 ’
220 2554 377 2702 xm
494 2590 518 2604 ‘
600 2611 638 2658 e
672 2585 1144 2683 quadraginta,
1190 2608 1437 2684 partem
1499 2589 1594 2660 'us
1611 2587 1811 2660 claffis
1830 2643 1853 2677 ,
1884 2610 2083 2687 quam
2104 2592 2451 2666 Britanniae
2467 2611 2554 2685 ap
2668 2624 2704 2642 ·

550 2678 620 2753 su
660 2705 775 2780 per
805 2682 1233 2777 tempestates-2
1251 2682 1463 2755 excid·
1520 2707 1560 2753 e
1594 2689 2095 2756 memoravimus
2119 2739 2142 2774 ‚
2193 2683 2499 2758 Caletum
2523 2707 2559 2751 a
2610 2680 2704 2752 le-

385 2815 413 2828 ·—
550 2797 686 2875 gat.
751 2775 1161 2849 Cohortibus
1182 2777 1210 2871 (
1232 2795 1415 2847 erant
1432 2775 1800 2849 millenariae
1822 2781 2151 2877 quatuor)
2174 2781 2440 2854 Saucius
2460 2778 2658 2848 Leiva
2671 2826 2700 2861 ,

547 2879 811 2945 1umtnae
848 2875 1103 2942 navium
1146 2871 1560 2945 Pretendona
1595 2876 1686 2944 im
1781 2877 1954 2946 nitur
1986 2897 2008 2944 ε
2047 2878 2102 2946 is
2136 2893 2335 2949 vento
2378 2869 2704 2945 obsecun-

547 2965 743 3037 dante
763 3018 785 3051 ,
814 2968 896 3034 v&
916 2964 1227 3036 Hollandi
1269 2965 1557 3066 perfugae
1574 2966 1666 3038 du
1732 2992 1774 3038 u
1798 3021 1819 3054 ,
1868 2967 2205 3065 plerasque
2220 2968 2423 3041 navali
2442 2962 2702 3052 intulit,

549 3060 708 3130 dum
727 3063 1007 3132 Batavos
1024 3059 1177 3131 freti
1211 3059 1511 3133 custodes
1549 3060 1843 3137 adversus
1884 3060 2083 3135 turbo
2105 3061 2355 3160 repellit
2397 3086 2416 3132 ε
2462 3062 2704 3157 quivix

552 3153 765 3228 obnifi
788 3176 1018 3250 paucas
1055 3153 1332 3227 necdum
1368 3177 1634 3251 portum
1664 3161 1833 3229 intra
1869 3178 2164 3255 receptas
2188 3209 2210 3244 ,
2256 3156 2462 3229 littori
2498 3159 2705 3251 impe·

602 3272 731 3321 ere.
800 3251 1113 3345 Namque
1131 3249 1201 3322 id
1222 3250 1509 3322 mandati
1530 3248 1855 3349 Hispanus
1868 3271 2205 3349 acceperat
2226 3305 2248 3340 ,
2268 3272 2382 3338 ut,
2429 3248 2704 3323 siviho-

615 3347 746 3414 ium
787 3364 1124 3441 urgeretur
1141 3397 1164 3432 ‚
1209 3348 1564 3428 contemtis
1594 3344 1861 3420 navibus
1881 3344 2152 3418 militem
2172 3362 2556 3444 exponeret.
2621 3348 2700 3416 In

553 3437 943 3535 potestatem
1009 3463 1135 3512 una
1199 3443 1376 3512 venit
1413 3463 1434 3508 ε
1485 3460 1845 3536 contraque
1886 3464 2140 3514 morem
2204 3442 2513 3513 maritimi
2550 3433 2700 3512 belli

554 3535 823 3629 captivis
856 3536 986 3605 vita
1008 3531 1250 3604 indulta
1269 3532 1361 3603 est
1384 3586 1405 3619 ,
1456 3537 1612 3629 quia
1633 3537 1803 3605 inter
1834 3533 2325 3607 consultandum
2348 3537 2545 3640 primi
2575 3537 2701 3606 im·

549 3647 741 3724 petus
763 3625 1132 3698 transierant
1156 3672 1178 3713 ,
1231 3631 1306 3697 &
1328 3626 1478 3724 post
1492 3627 1704 3701 saevire
1742 3630 2147 3702 inhumanius
2162 3628 2525 3706 videbatur.
2602 3627 2700 3701 At

547 3742 697 3824 quae
741 3740 1226 3814 penetraverant
1252 3772 1275 3807 ‚
1334 3745 1486 3817 pars
1539 3726 1883 3797 Germanis
1931 3726 2283 3819 Danisque.
2310 3721 2701 3795 docentibus

548 3815 672 3885 iuis
687 3817 821 3885 oris
854 3811 1072 3886 exiiffe
1094 3818 1170 3884 '&
1188 3838 1303 3911 per
1319 3812 1693 3914 Hispaniam
1710 3838 2063 3915 occupatas
2081 3872 2104 3907 ,
2135 3821 2526 3893 Batavorum
2544 3841 2698 3889 con-

547 3904 715 3978 cessu
751 3910 1091 3981 Oceanum
1130 3908 1435 3982 tranfiere
1474 3942 1494 3983 e
1540 3932 1801 3985 caetcras
1832 3915 2028 3985 armis
2067 3910 2330 4001 instrui,
2375 3935 2454 3994 ae
2471 3914 2697 4008 majori

486 4109 491 4114 ¹
546 4001 736 4078 claffe
760 4058 783 4095 ‚
821 4025 968 4102 quae
983 4004 1068 4080 ad
1087 4003 1433 4078 Caraniam
1452 4004 1795 4083 strueretur
1816 4062 1839 4100 ,
1885 4019 2131 4084 novum
2148 4014 2314 4087 mari
2337 4007 2700 4202 belliutrngg:

2478 4127 2520 4174 u
