<?xml version="1.0" encoding="UTF-8"?>
<!DOCTYPE html PUBLIC "-//W3C//DTD XHTML 1.0 Transitional//EN"
    "http://www.w3.org/TR/xhtml1/DTD/xhtml1-transitional.dtd">
<html xmlns="http://www.w3.org/1999/xhtml" xml:lang="en" lang="en">
 <head>
  <title>
</title>
<meta http-equiv="Content-Type" content="text/html;charset=utf-8" />
  <meta name='ocr-system' content='tesseract 3.04.00' />
  <meta name='ocr-capabilities' content='ocr_page ocr_carea ocr_par ocr_line ocrx_word'/>
</head>
<body>
  <div class='ocr_page' id='page_1' title='image "./annalesethistor00grotgoog/annalesethistor00grotgoog_0549.png"; bbox 0 0 2900 4628; ppageno 0'>
   <div class='ocr_carea' id='block_1_1' title="bbox 339 218 2276 329">
    <p class='ocr_par' dir='ltr' id='par_1_1' title="bbox 339 218 2276 329">
     <span class='ocr_line' id='line_1_1' title="bbox 339 218 2276 329; baseline -0.001 -16"><span class='ocrx_word' id='word_1_1' title='bbox 339 242 1397 313; x_wconf 67' lang='lat' dir='ltr'>Hrsrotuaavm</span> <span class='ocrx_word' id='word_1_2' title='bbox 1487 218 2030 311; x_wconf 77' lang='lat' dir='ltr'>L113&#39;..xvt,</span> <span class='ocrx_word' id='word_1_3' title='bbox 2151 263 2276 329; x_wconf 75' lang='lat'>517</span> 
     </span>
    </p>
   </div>
   <div class='ocr_carea' id='block_1_2' title="bbox 60 345 2648 4303">
    <p class='ocr_par' dir='ltr' id='par_1_2' title="bbox 60 345 2648 4303">
     <span class='ocr_line' id='line_1_2' title="bbox 114 345 2569 449; baseline 0.004 -29"><span class='ocrx_word' id='word_1_4' title='bbox 114 345 282 422; x_wconf 90' lang='lat' dir='ltr'>Naia</span> <span class='ocrx_word' id='word_1_5' title='bbox 301 353 508 449; x_wconf 77' lang='lat' dir='ltr'>Hagae</span> <span class='ocrx_word' id='word_1_6' title='bbox 530 371 671 421; x_wconf 90' lang='lat' dir='ltr'>tum</span> <span class='ocrx_word' id='word_1_7' title='bbox 684 371 877 447; x_wconf 87' lang='lat' dir='ltr'>agens</span> <span class='ocrx_word' id='word_1_8' title='bbox 914 373 979 421; x_wconf 87' lang='lat' dir='ltr'>v.</span> <span class='ocrx_word' id='word_1_9' title='bbox 1030 348 1230 420; x_wconf 85' lang='lat' dir='ltr'>Eidus</span> <span class='ocrx_word' id='word_1_10' title='bbox 1253 350 1416 443; x_wconf 89' lang='lat' dir='ltr'>Maji</span> <span class='ocrx_word' id='word_1_11' title='bbox 1439 368 1835 422; x_wconf 86' lang='lat' dir='ltr'>conventum</span> <span class='ocrx_word' id='word_1_12' title='bbox 1857 353 2046 447; x_wconf 89' lang='lat' dir='ltr'>petit,</span> <span class='ocrx_word' id='word_1_13' title='bbox 2071 350 2280 423; x_wconf 88' lang='lat' dir='ltr'>Ordi-</span> <span class='ocrx_word' id='word_1_14' title='bbox 2366 384 2388 427; x_wconf 86' lang='lat'>1</span> <span class='ocrx_word' id='word_1_15' title='bbox 2408 363 2452 427; x_wconf 86' lang='lat'>6</span> <span class='ocrx_word' id='word_1_16' title='bbox 2458 383 2497 429; x_wconf 92' lang='lat'>0</span> <span class='ocrx_word' id='word_1_17' title='bbox 2506 386 2569 436; x_wconf 88' lang='lat'>7.</span> 
     </span>
     <span class='ocr_line' id='line_1_3' title="bbox 109 438 2597 542; baseline 0 -28"><span class='ocrx_word' id='word_1_18' title='bbox 109 445 430 542; x_wconf 86' lang='lat' dir='ltr'>nibusque</span> <span class='ocrx_word' id='word_1_19' title='bbox 446 446 744 541; x_wconf 87' lang='lat' dir='ltr'>exponit,</span> <span class='ocrx_word' id='word_1_20' title='bbox 768 438 1046 541; x_wconf 74' lang='lat' dir='ltr'>nuperst·</span> <span class='ocrx_word' id='word_1_21' title='bbox 1070 496 1090 530; x_wconf 88' lang='lat'>‚</span> <span class='ocrx_word' id='word_1_22' title='bbox 1139 441 1285 539; x_wconf 87' lang='lat' dir='ltr'>ipfis</span> <span class='ocrx_word' id='word_1_23' title='bbox 1309 440 1775 539; x_wconf 74' lang='lat' dir='ltr'>postulantibus</span> <span class='ocrx_word' id='word_1_24' title='bbox 1794 498 1814 531; x_wconf 89' lang='lat'>,</span> <span class='ocrx_word' id='word_1_25' title='bbox 1857 468 2007 514; x_wconf 91' lang='lat' dir='ltr'>cum</span> <span class='ocrx_word' id='word_1_26' title='bbox 2027 444 2162 539; x_wconf 87' lang='lat' dir='ltr'>ejus</span> <span class='ocrx_word' id='word_1_27' title='bbox 2181 445 2278 515; x_wconf 78' lang='lat' dir='ltr'>r&#39;ci</span> <span class='ocrx_word' id='word_1_28' title='bbox 2312 452 2450 508; x_wconf 74' lang='lat' dir='ltr'>Naia</span> <span class='ocrx_word' id='word_1_29' title='bbox 2477 454 2597 515; x_wconf 76' lang='lat' dir='ltr'>inee-</span> 
     </span>
     <span class='ocr_line' id='line_1_4' title="bbox 107 530 2574 630; baseline -0.001 -22"><span class='ocrx_word' id='word_1_30' title='bbox 107 540 403 609; x_wconf 87' lang='lat' dir='ltr'>mandata</span> <span class='ocrx_word' id='word_1_31' title='bbox 428 539 693 609; x_wconf 87' lang='lat' dir='ltr'>haberet</span> <span class='ocrx_word' id='word_1_32' title='bbox 718 536 887 609; x_wconf 88' lang='lat' dir='ltr'>nulla</span> <span class='ocrx_word' id='word_1_33' title='bbox 912 590 932 623; x_wconf 90' lang='lat'>,</span> <span class='ocrx_word' id='word_1_34' title='bbox 968 535 1335 630; x_wconf 80' lang='lat' dir='ltr'>pollicitum</span> <span class='ocrx_word' id='word_1_35' title='bbox 1360 592 1381 625; x_wconf 89' lang='lat'>‚</span> <span class='ocrx_word' id='word_1_36' title='bbox 1400 554 1744 609; x_wconf 88' lang='lat' dir='ltr'>curaturos</span> <span class='ocrx_word' id='word_1_37' title='bbox 1777 539 2179 610; x_wconf 86' lang='lat' dir='ltr'>Archiduces</span> <span class='ocrx_word' id='word_1_38' title='bbox 2208 557 2278 609; x_wconf 90' lang='lat' dir='ltr'>ut</span> <span class='ocrx_word' id='word_1_39' title='bbox 2310 542 2410 578; x_wconf 77' lang='lat' dir='ltr'>nm</span> <span class='ocrx_word' id='word_1_40' title='bbox 2429 530 2574 598; x_wconf 63' lang='grc' dir='ltr'>ΒΨ</span> 
     </span>
     <span class='ocr_line' id='line_1_5' title="bbox 103 606 2571 741; baseline 0.001 -41"><span class='ocrx_word' id='word_1_41' title='bbox 103 629 210 702; x_wconf 90' lang='lat' dir='ltr'>sua</span> <span class='ocrx_word' id='word_1_42' title='bbox 232 634 415 731; x_wconf 67' lang='lat' dir='ltr'>pacta</span> <span class='ocrx_word' id='word_1_43' title='bbox 437 652 550 703; x_wconf 82' lang='lat' dir='ltr'>rex</span> <span class='ocrx_word' id='word_1_44' title='bbox 567 628 891 729; x_wconf 87' lang='lat' dir='ltr'>Hispaniae</span> <span class='ocrx_word' id='word_1_45' title='bbox 933 650 1068 700; x_wconf 88' lang='lat' dir='ltr'>rata</span> <span class='ocrx_word' id='word_1_46' title='bbox 1091 629 1383 703; x_wconf 88' lang='lat' dir='ltr'>baberet.</span> <span class='ocrx_word' id='word_1_47' title='bbox 1431 632 1830 704; x_wconf 85' lang='lat' dir='ltr'>Archiduces</span> <span class='ocrx_word' id='word_1_48' title='bbox 1844 656 1993 704; x_wconf 92' lang='lat' dir='ltr'>cum</span> <span class='ocrx_word' id='word_1_49' title='bbox 2013 629 2273 730; x_wconf 64' lang='lat' dir='ltr'>definge·</span> <span class='ocrx_word' id='word_1_50' title='bbox 2304 606 2571 741; x_wconf 51' lang='grc' dir='ltr'>ζζῖἶζῖξ</span> 
     </span>
     <span class='ocr_line' id='line_1_6' title="bbox 103 720 2607 824; baseline -0.001 -29"><span class='ocrx_word' id='word_1_51' title='bbox 103 749 177 796; x_wconf 88' lang='lat' dir='ltr'>re</span> <span class='ocrx_word' id='word_1_52' title='bbox 200 727 648 797; x_wconf 58' lang='lat' dir='ltr'>auftoritatem</span> <span class='ocrx_word' id='word_1_53' title='bbox 666 720 922 821; x_wconf 86' lang='lat' dir='ltr'>poffent</span> <span class='ocrx_word' id='word_1_54' title='bbox 941 777 962 812; x_wconf 88' lang='lat'>,</span> <span class='ocrx_word' id='word_1_55' title='bbox 984 726 1160 822; x_wconf 86' lang='lat' dir='ltr'>pacis</span> <span class='ocrx_word' id='word_1_56' title='bbox 1179 724 1391 797; x_wconf 86' lang='lat' dir='ltr'>studio</span> <span class='ocrx_word' id='word_1_57' title='bbox 1417 782 1438 814; x_wconf 85' lang='lat'>‚</span> <span class='ocrx_word' id='word_1_58' title='bbox 1460 727 1634 798; x_wconf 89' lang='lat' dir='ltr'>idem</span> <span class='ocrx_word' id='word_1_59' title='bbox 1655 724 2054 824; x_wconf 85' lang='lat' dir='ltr'>pollicendo,</span> <span class='ocrx_word' id='word_1_60' title='bbox 2077 724 2276 798; x_wconf 87' lang='lat' dir='ltr'>fidem</span> <span class='ocrx_word' id='word_1_61' title='bbox 2297 738 2406 812; x_wconf 83' lang='lat' dir='ltr'>sem</span> <span class='ocrx_word' id='word_1_62' title='bbox 2435 756 2495 820; x_wconf 61' lang='lat' dir='ltr'>fx</span> <span class='ocrx_word' id='word_1_63' title='bbox 2517 736 2607 814; x_wconf 57' lang='grc' dir='ltr'>ψ’.</span> 
     </span>
     <span class='ocr_line' id='line_1_7' title="bbox 104 812 2570 937; baseline -0.002 -48"><span class='ocrx_word' id='word_1_64' title='bbox 104 819 300 915; x_wconf 77' lang='lat' dir='ltr'>ipsius</span> <span class='ocrx_word' id='word_1_65' title='bbox 321 818 928 917; x_wconf 75' lang='lat' dir='ltr'>liberaffe.AEquum</span> <span class='ocrx_word' id='word_1_66' title='bbox 946 842 1119 890; x_wconf 89' lang='lat' dir='ltr'>nunc</span> <span class='ocrx_word' id='word_1_67' title='bbox 1137 840 1208 889; x_wconf 89' lang='lat' dir='ltr'>ut</span> <span class='ocrx_word' id='word_1_68' title='bbox 1227 818 1385 891; x_wconf 85' lang='lat' dir='ltr'>ficut</span> <span class='ocrx_word' id='word_1_69' title='bbox 1408 820 1496 894; x_wconf 89' lang='lat' dir='ltr'>illi</span> <span class='ocrx_word' id='word_1_70' title='bbox 1519 822 1736 893; x_wconf 85' lang='lat' dir='ltr'>Princi</span> <span class='ocrx_word' id='word_1_71' title='bbox 1823 845 1852 891; x_wconf 90' lang='lat' dir='ltr'>s</span> <span class='ocrx_word' id='word_1_72' title='bbox 1871 825 2125 923; x_wconf 87' lang='lat' dir='ltr'>optima</span> <span class='ocrx_word' id='word_1_73' title='bbox 2146 819 2280 891; x_wconf 87' lang='lat' dir='ltr'>fide</span> <span class='ocrx_word' id='word_1_74' title='bbox 2305 812 2485 937; x_wconf 60' lang='lat' dir='ltr'>smmi</span> <span class='ocrx_word' id='word_1_75' title='bbox 2498 830 2570 867; x_wconf 73' lang='lat'>⁷²-</span> 
     </span>
     <span class='ocr_line' id='line_1_8' title="bbox 107 844 2571 1013; baseline 0 -29"><span class='ocrx_word' id='word_1_76' title='bbox 107 912 271 984; x_wconf 86' lang='lat' dir='ltr'>nihil</span> <span class='ocrx_word' id='word_1_77' title='bbox 288 918 668 985; x_wconf 89' lang='lat' dir='ltr'>omitterent</span> <span class='ocrx_word' id='word_1_78' title='bbox 693 967 716 1001; x_wconf 85' lang='lat'>‚</span> <span class='ocrx_word' id='word_1_79' title='bbox 737 910 924 1009; x_wconf 82' lang='lat' dir='ltr'>quod</span> <span class='ocrx_word' id='word_1_80' title='bbox 942 911 1025 982; x_wconf 83' lang='lat' dir='ltr'>a‘d</span> <span class='ocrx_word' id='word_1_81' title='bbox 1045 909 1432 999; x_wconf 80' lang='lat' dir='ltr'>sarciendam</span> <span class='ocrx_word' id='word_1_82' title='bbox 1454 844 1884 989; x_wconf 56' lang='lat' dir='ltr'>conconffim</span> <span class='ocrx_word' id='word_1_83' title='bbox 1899 916 2168 1001; x_wconf 77' lang='lat' dir='ltr'>iaceret,</span> <span class='ocrx_word' id='word_1_84' title='bbox 2194 916 2283 985; x_wconf 88' lang='lat' dir='ltr'>ita</span> <span class='ocrx_word' id='word_1_85' title='bbox 2315 900 2464 1013; x_wconf 46' lang='lat' dir='ltr'>“ff‘&#39;</span> <span class='ocrx_word' id='word_1_86' title='bbox 2490 895 2571 957; x_wconf 51' lang='grc' dir='ltr'>μ’</span> 
     </span>
     <span class='ocr_line' id='line_1_9' title="bbox 103 1005 2279 1096; baseline 0.001 -20"><span class='ocrx_word' id='word_1_87' title='bbox 103 1005 376 1079; x_wconf 85' lang='lat' dir='ltr'>viciffim</span> <span class='ocrx_word' id='word_1_88' title='bbox 397 1007 685 1081; x_wconf 86' lang='lat' dir='ltr'>Ordines</span> <span class='ocrx_word' id='word_1_89' title='bbox 706 1006 1111 1087; x_wconf 64' lang='lat' dir='ltr'>cunctahuic</span> <span class='ocrx_word' id='word_1_90' title='bbox 1133 1007 1427 1081; x_wconf 87' lang='lat' dir='ltr'>instituto</span> <span class='ocrx_word' id='word_1_91' title='bbox 1445 1005 1831 1085; x_wconf 84' lang='lat' dir='ltr'>adversantia</span> <span class='ocrx_word' id='word_1_92' title='bbox 1856 1029 2233 1083; x_wconf 85' lang='lat' dir='ltr'>amoverent</span> <span class='ocrx_word' id='word_1_93' title='bbox 2255 1060 2279 1096; x_wconf 86' lang='lat'><strong>,</strong></span> 
     </span>
     <span class='ocr_line' id='line_1_10' title="bbox 101 1097 2281 1199; baseline 0.002 -29"><span class='ocrx_word' id='word_1_94' title='bbox 101 1121 616 1199; x_wconf 84' lang='lat' dir='ltr'>revocarentque</span> <span class='ocrx_word' id='word_1_95' title='bbox 634 1097 888 1172; x_wconf 82' lang='lat' dir='ltr'>classem</span> <span class='ocrx_word' id='word_1_96' title='bbox 908 1152 929 1186; x_wconf 89' lang='lat'>‚</span> <span class='ocrx_word' id='word_1_97' title='bbox 964 1122 1161 1197; x_wconf 87' lang='lat' dir='ltr'>quam</span> <span class='ocrx_word' id='word_1_98' title='bbox 1201 1100 1572 1177; x_wconf 82' lang='lat' dir='ltr'>infestandae</span> <span class='ocrx_word' id='word_1_99' title='bbox 1613 1102 1935 1198; x_wconf 84' lang='lat' dir='ltr'>Hispaniae</span> <span class='ocrx_word' id='word_1_100' title='bbox 1959 1100 2281 1175; x_wconf 83' lang='lat' dir='ltr'>miserant.</span> 
     </span>
     <span class='ocr_line' id='line_1_11' title="bbox 96 1192 2288 1295; baseline 0.001 -30"><span class='ocrx_word' id='word_1_101' title='bbox 96 1193 362 1266; x_wconf 85' lang='lat' dir='ltr'>Orabat</span> <span class='ocrx_word' id='word_1_102' title='bbox 379 1218 684 1295; x_wconf 84' lang='lat' dir='ltr'>praeterea</span> <span class='ocrx_word' id='word_1_103' title='bbox 719 1192 1023 1292; x_wconf 81' lang='lat' dir='ltr'>explicari</span> <span class='ocrx_word' id='word_1_104' title='bbox 1044 1192 1425 1268; x_wconf 88' lang='lat' dir='ltr'>clarioribus</span> <span class='ocrx_word' id='word_1_105' title='bbox 1442 1197 1654 1270; x_wconf 87' lang='lat' dir='ltr'>verbis</span> <span class='ocrx_word' id='word_1_106' title='bbox 1679 1251 1702 1284; x_wconf 88' lang='lat'>,</span> <span class='ocrx_word' id='word_1_107' title='bbox 1738 1219 1884 1293; x_wconf 80' lang='lat' dir='ltr'>quae</span> <span class='ocrx_word' id='word_1_108' title='bbox 1899 1193 1981 1269; x_wconf 92' lang='lat' dir='ltr'>de</span> <span class='ocrx_word' id='word_1_109' title='bbox 2002 1208 2135 1268; x_wconf 89' lang='lat' dir='ltr'>non</span> <span class='ocrx_word' id='word_1_110' title='bbox 2159 1214 2288 1291; x_wconf 83' lang='lat' dir='ltr'>p&#39;o-</span> 
     </span>
     <span class='ocr_line' id='line_1_12' title="bbox 100 1286 2283 1389; baseline 0.001 -31"><span class='ocrx_word' id='word_1_111' title='bbox 100 1290 335 1360; x_wconf 87' lang='lat' dir='ltr'>nendis</span> <span class='ocrx_word' id='word_1_112' title='bbox 351 1286 1109 1385; x_wconf 85' lang='lat' dir='ltr'>castris,invadendisque</span> <span class='ocrx_word' id='word_1_113' title='bbox 1127 1288 1506 1387; x_wconf 80' lang='lat' dir='ltr'>regionibus</span> <span class='ocrx_word' id='word_1_114' title='bbox 1535 1291 1869 1364; x_wconf 87' lang='lat' dir='ltr'>obscurius</span> <span class='ocrx_word' id='word_1_115' title='bbox 1892 1314 2096 1389; x_wconf 88' lang='lat' dir='ltr'>nuper</span> <span class='ocrx_word' id='word_1_116' title='bbox 2118 1313 2283 1361; x_wconf 87' lang='lat' dir='ltr'>con-</span> 
     </span>
     <span class='ocr_line' id='line_1_13' title="bbox 96 1381 2284 1483; baseline 0.001 -29"><span class='ocrx_word' id='word_1_117' title='bbox 96 1381 433 1469; x_wconf 81' lang='lat' dir='ltr'>veniffent.</span> <span class='ocrx_word' id='word_1_118' title='bbox 474 1384 579 1457; x_wconf 90' lang='lat' dir='ltr'>Ac</span> <span class='ocrx_word' id='word_1_119' title='bbox 603 1383 871 1481; x_wconf 89' lang='lat' dir='ltr'>quando</span> <span class='ocrx_word' id='word_1_120' title='bbox 892 1384 1056 1453; x_wconf 89' lang='lat' dir='ltr'>intra</span> <span class='ocrx_word' id='word_1_121' title='bbox 1072 1381 1391 1456; x_wconf 89' lang='lat' dir='ltr'>Calendas</span> <span class='ocrx_word' id='word_1_122' title='bbox 1411 1386 1826 1483; x_wconf 84' lang='lat' dir='ltr'>Septembres</span> <span class='ocrx_word' id='word_1_123' title='bbox 1844 1388 2102 1457; x_wconf 87' lang='lat' dir='ltr'>evenire</span> <span class='ocrx_word' id='word_1_124' title='bbox 2118 1385 2284 1456; x_wconf 63' lang='lat' dir='ltr'>mul-2</span> 
     </span>
     <span class='ocr_line' id='line_1_14' title="bbox 96 1474 2282 1576; baseline 0 -27"><span class='ocrx_word' id='word_1_125' title='bbox 96 1496 167 1549; x_wconf 87' lang='lat' dir='ltr'>ta</span> <span class='ocrx_word' id='word_1_126' title='bbox 188 1474 443 1573; x_wconf 82' lang='lat' dir='ltr'>possent</span> <span class='ocrx_word' id='word_1_127' title='bbox 464 1532 485 1564; x_wconf 87' lang='lat'><strong>,</strong></span> <span class='ocrx_word' id='word_1_128' title='bbox 507 1501 652 1576; x_wconf 85' lang='lat' dir='ltr'>quae</span> <span class='ocrx_word' id='word_1_129' title='bbox 667 1476 1109 1549; x_wconf 84' lang='lat' dir='ltr'>Archiducum</span> <span class='ocrx_word' id='word_1_130' title='bbox 1129 1481 1396 1549; x_wconf 89' lang='lat' dir='ltr'>nomine</span> <span class='ocrx_word' id='word_1_131' title='bbox 1413 1479 1764 1552; x_wconf 87' lang='lat' dir='ltr'>nuntianda</span> <span class='ocrx_word' id='word_1_132' title='bbox 1783 1478 2146 1550; x_wconf 88' lang='lat' dir='ltr'>Ordinibus</span> <span class='ocrx_word' id='word_1_133' title='bbox 2169 1474 2282 1549; x_wconf 89' lang='lat' dir='ltr'>fo-</span> 
     </span>
     <span class='ocr_line' id='line_1_15' title="bbox 93 1568 2278 1670; baseline -0 -25"><span class='ocrx_word' id='word_1_134' title='bbox 93 1591 250 1645; x_wconf 83' lang='lat' dir='ltr'>rent</span> <span class='ocrx_word' id='word_1_135' title='bbox 278 1623 301 1657; x_wconf 87' lang='lat'>,</span> <span class='ocrx_word' id='word_1_136' title='bbox 331 1569 487 1661; x_wconf 85' lang='lat' dir='ltr'>fidei</span> <span class='ocrx_word' id='word_1_137' title='bbox 508 1570 784 1668; x_wconf 81' lang='lat' dir='ltr'>publicae</span> <span class='ocrx_word' id='word_1_138' title='bbox 806 1568 1150 1642; x_wconf 87' lang='lat' dir='ltr'>codicillos</span> <span class='ocrx_word' id='word_1_139' title='bbox 1187 1570 1499 1666; x_wconf 76' lang='lat' dir='ltr'>poscebat</span> <span class='ocrx_word' id='word_1_140' title='bbox 1523 1628 1543 1661; x_wconf 89' lang='lat'>,</span> <span class='ocrx_word' id='word_1_141' title='bbox 1585 1577 1769 1670; x_wconf 88' lang='lat' dir='ltr'>queis</span> <span class='ocrx_word' id='word_1_142' title='bbox 1789 1591 1966 1644; x_wconf 88' lang='lat' dir='ltr'>tutus</span> <span class='ocrx_word' id='word_1_143' title='bbox 1985 1572 2158 1643; x_wconf 91' lang='lat' dir='ltr'>ultro</span> <span class='ocrx_word' id='word_1_144' title='bbox 2179 1575 2278 1644; x_wconf 84' lang='lat' dir='ltr'>ci-</span> 
     </span>
     <span class='ocr_line' id='line_1_16' title="bbox 92 1666 2274 1764; baseline 0.001 -28"><span class='ocrx_word' id='word_1_145' title='bbox 92 1684 345 1762; x_wconf 90' lang='lat' dir='ltr'>troque</span> <span class='ocrx_word' id='word_1_146' title='bbox 362 1685 784 1739; x_wconf 85' lang='lat' dir='ltr'>commearet.</span> <span class='ocrx_word' id='word_1_147' title='bbox 836 1670 972 1736; x_wconf 86' lang='lat' dir='ltr'>Iam</span> <span class='ocrx_word' id='word_1_148' title='bbox 990 1687 1031 1733; x_wconf 92' lang='lat' dir='ltr'>n</span> <span class='ocrx_word' id='word_1_149' title='bbox 1117 1670 1238 1735; x_wconf 85' lang='lat' dir='ltr'>otii</span> <span class='ocrx_word' id='word_1_150' title='bbox 1261 1666 1447 1760; x_wconf 89' lang='lat' dir='ltr'>quod</span> <span class='ocrx_word' id='word_1_151' title='bbox 1464 1670 1531 1739; x_wconf 91' lang='lat' dir='ltr'>in</span> <span class='ocrx_word' id='word_1_152' title='bbox 1553 1669 1847 1741; x_wconf 88' lang='lat' dir='ltr'>manibus</span> <span class='ocrx_word' id='word_1_153' title='bbox 1863 1686 2001 1740; x_wconf 87' lang='lat' dir='ltr'>erat</span> <span class='ocrx_word' id='word_1_154' title='bbox 2018 1670 2274 1764; x_wconf 88' lang='lat' dir='ltr'>magni-</span> 
     </span>
     <span class='ocr_line' id='line_1_17' title="bbox 89 1686 2602 1857; baseline 0.002 -25"><span class='ocrx_word' id='word_1_155' title='bbox 89 1756 269 1832; x_wconf 90' lang='lat' dir='ltr'>tudo</span> <span class='ocrx_word' id='word_1_156' title='bbox 308 1760 694 1831; x_wconf 61' lang='lat' dir='ltr'>cunQOrum</span> <span class='ocrx_word' id='word_1_157' title='bbox 729 1762 984 1830; x_wconf 89' lang='lat' dir='ltr'>animos</span> <span class='ocrx_word' id='word_1_158' title='bbox 1024 1686 1412 1837; x_wconf 47' lang='grc' dir='ltr'>ἕνεκα.</span> <span class='ocrx_word' id='word_1_159' title='bbox 1463 1762 1566 1832; x_wconf 90' lang='lat' dir='ltr'>Ac</span> <span class='ocrx_word' id='word_1_160' title='bbox 1601 1760 1810 1847; x_wconf 80' lang='lat' dir='ltr'>mim,</span> <span class='ocrx_word' id='word_1_161' title='bbox 1848 1765 1960 1857; x_wconf 92' lang='lat' dir='ltr'>qui</span> <span class='ocrx_word' id='word_1_162' title='bbox 1982 1762 2269 1834; x_wconf 88' lang='lat' dir='ltr'>concilio</span> <span class='ocrx_word' id='word_1_163' title='bbox 2324 1779 2602 1851; x_wconf 50' lang='lat' dir='ltr'>nequa&amp;</span> 
     </span>
     <span class='ocr_line' id='line_1_18' title="bbox 88 1851 2585 1951; baseline 0 -26"><span class='ocrx_word' id='word_1_164' title='bbox 88 1851 389 1926; x_wconf 84' lang='lat' dir='ltr'>adeffent</span> <span class='ocrx_word' id='word_1_165' title='bbox 411 1907 431 1940; x_wconf 88' lang='lat'>,</span> <span class='ocrx_word' id='word_1_166' title='bbox 449 1856 763 1949; x_wconf 88' lang='lat' dir='ltr'>cujusque</span> <span class='ocrx_word' id='word_1_167' title='bbox 781 1853 1062 1922; x_wconf 88' lang='lat' dir='ltr'>nationis</span> <span class='ocrx_word' id='word_1_168' title='bbox 1082 1857 1385 1950; x_wconf 84' lang='lat' dir='ltr'>praecipui</span> <span class='ocrx_word' id='word_1_169' title='bbox 1402 1854 1832 1928; x_wconf 83' lang='lat' dir='ltr'>adventabant</span> <span class='ocrx_word' id='word_1_170' title='bbox 1852 1910 1875 1938; x_wconf 93' lang='lat'><em>,</em></span> <span class='ocrx_word' id='word_1_171' title='bbox 1910 1876 2123 1951; x_wconf 89' lang='lat' dir='ltr'>eoque</span> <span class='ocrx_word' id='word_1_172' title='bbox 2137 1852 2269 1927; x_wconf 85' lang='lat' dir='ltr'>dif-</span> <span class='ocrx_word' id='word_1_173' title='bbox 2300 1862 2378 1905; x_wconf 66' lang='grc' dir='ltr'>Μ·</span> <span class='ocrx_word' id='word_1_174' title='bbox 2404 1851 2585 1941; x_wconf 49' lang='grc' dir='ltr'>Ρωᾶᾕ</span> 
     </span>
     <span class='ocr_line' id='line_1_19' title="bbox 84 1917 2605 2053; baseline 0.001 -36"><span class='ocrx_word' id='word_1_175' title='bbox 84 1948 344 2027; x_wconf 84' lang='lat' dir='ltr'>ficilius</span> <span class='ocrx_word' id='word_1_176' title='bbox 358 1969 435 2016; x_wconf 89' lang='lat' dir='ltr'>ac</span> <span class='ocrx_word' id='word_1_177' title='bbox 457 1948 698 2019; x_wconf 86' lang='lat' dir='ltr'>tardius</span> <span class='ocrx_word' id='word_1_178' title='bbox 716 1943 1215 2017; x_wconf 75' lang='lat' dir='ltr'>consultabatur.</span> <span class='ocrx_word' id='word_1_179' title='bbox 1266 1951 1595 2043; x_wconf 87' lang='lat' dir='ltr'>Imprimis</span> <span class='ocrx_word' id='word_1_180' title='bbox 1632 1948 1719 2019; x_wconf 81' lang='lat' dir='ltr'>de‘</span> <span class='ocrx_word' id='word_1_181' title='bbox 1737 1948 2098 2020; x_wconf 89' lang='lat' dir='ltr'>revocanda</span> <span class='ocrx_word' id='word_1_182' title='bbox 2121 1947 2270 2020; x_wconf 87' lang='lat' dir='ltr'>clas·</span> <span class='ocrx_word' id='word_1_183' title='bbox 2298 1917 2605 2053; x_wconf 40' lang='grc' dir='ltr'>ἕλω</span> 
     </span>
     <span class='ocr_line' id='line_1_20' title="bbox 74 2038 2267 2140; baseline 0 -28"><span class='ocrx_word' id='word_1_184' title='bbox 74 2040 161 2112; x_wconf 72' lang='lat' dir='ltr'>st:</span> <span class='ocrx_word' id='word_1_185' title='bbox 178 2040 550 2112; x_wconf 88' lang='lat' dir='ltr'>dubitatum</span> <span class='ocrx_word' id='word_1_186' title='bbox 571 2094 592 2128; x_wconf 85' lang='lat'>,</span> <span class='ocrx_word' id='word_1_187' title='bbox 634 2038 958 2129; x_wconf 87' lang='lat' dir='ltr'>nonnullis</span> <span class='ocrx_word' id='word_1_188' title='bbox 985 2038 1124 2134; x_wconf 89' lang='lat' dir='ltr'>jam</span> <span class='ocrx_word' id='word_1_189' title='bbox 1145 2043 1234 2110; x_wconf 87' lang='lat' dir='ltr'>rei</span> <span class='ocrx_word' id='word_1_190' title='bbox 1263 2042 1347 2112; x_wconf 82' lang='lat' dir='ltr'>a&#39;d</span> <span class='ocrx_word' id='word_1_191' title='bbox 1385 2040 1508 2112; x_wconf 90' lang='lat' dir='ltr'>Cal</span> <span class='ocrx_word' id='word_1_192' title='bbox 1596 2067 1636 2112; x_wconf 90' lang='lat' dir='ltr'>n</span> <span class='ocrx_word' id='word_1_193' title='bbox 1661 2042 1825 2114; x_wconf 89' lang='lat' dir='ltr'>bene</span> <span class='ocrx_word' id='word_1_194' title='bbox 1845 2042 2036 2140; x_wconf 82' lang='lat' dir='ltr'>gestae</span> <span class='ocrx_word' id='word_1_195' title='bbox 2049 2066 2267 2125; x_wconf 86' lang='lat' dir='ltr'>rumo-</span> 
     </span>
     <span class='ocr_line' id='line_1_21' title="bbox 70 2131 2273 2231; baseline 0 -19"><span class='ocrx_word' id='word_1_196' title='bbox 70 2136 307 2212; x_wconf 75' lang='lat' dir='ltr'>ribus.</span> <span class='ocrx_word' id='word_1_197' title='bbox 354 2138 554 2205; x_wconf 87' lang='lat' dir='ltr'>Erant</span> <span class='ocrx_word' id='word_1_198' title='bbox 574 2138 690 2231; x_wconf 89' lang='lat' dir='ltr'>qui</span> <span class='ocrx_word' id='word_1_199' title='bbox 722 2132 1134 2206; x_wconf 71' lang='lat' dir='ltr'>insistendum</span> <span class='ocrx_word' id='word_1_200' title='bbox 1174 2131 1470 2205; x_wconf 87' lang='lat' dir='ltr'>dicerent</span> <span class='ocrx_word' id='word_1_201' title='bbox 1518 2156 1768 2207; x_wconf 79' lang='lat' dir='ltr'>ortunae</span> <span class='ocrx_word' id='word_1_202' title='bbox 1802 2135 2081 2224; x_wconf 83' lang='lat' dir='ltr'>faventi,</span> <span class='ocrx_word' id='word_1_203' title='bbox 2111 2160 2273 2225; x_wconf 71' lang='lat' dir='ltr'>nee,</span> 
     </span>
     <span class='ocr_line' id='line_1_22' title="bbox 83 2225 2279 2328; baseline 0.003 -27"><span class='ocrx_word' id='word_1_204' title='bbox 83 2228 222 2309; x_wconf 74' lang='lat' dir='ltr'>uifi</span> <span class='ocrx_word' id='word_1_205' title='bbox 242 2235 411 2301; x_wconf 89' lang='lat' dir='ltr'>inter</span> <span class='ocrx_word' id='word_1_206' title='bbox 430 2228 849 2328; x_wconf 81' lang='lat' dir='ltr'>pugnandum</span> <span class='ocrx_word' id='word_1_207' title='bbox 878 2281 897 2314; x_wconf 90' lang='lat'><strong>,</strong></span> <span class='ocrx_word' id='word_1_208' title='bbox 923 2225 1283 2299; x_wconf 90' lang='lat' dir='ltr'>audiendos</span> <span class='ocrx_word' id='word_1_209' title='bbox 1306 2228 1391 2299; x_wconf 90' lang='lat' dir='ltr'>de</span> <span class='ocrx_word' id='word_1_210' title='bbox 1410 2253 1576 2327; x_wconf 87' lang='lat' dir='ltr'>pace</span> <span class='ocrx_word' id='word_1_211' title='bbox 1594 2229 1934 2304; x_wconf 86' lang='lat' dir='ltr'>sermones.</span> <span class='ocrx_word' id='word_1_212' title='bbox 1988 2230 2123 2304; x_wconf 90' lang='lat' dir='ltr'>Alii</span> <span class='ocrx_word' id='word_1_213' title='bbox 2142 2255 2279 2307; x_wconf 81' lang='lat' dir='ltr'>non</span> 
     </span>
     <span class='ocr_line' id='line_1_23' title="bbox 81 2318 2280 2419; baseline -0.001 -19"><span class='ocrx_word' id='word_1_214' title='bbox 81 2324 320 2400; x_wconf 86' lang='lat' dir='ltr'>verbis</span> <span class='ocrx_word' id='word_1_215' title='bbox 339 2323 547 2412; x_wconf 91' lang='lat' dir='ltr'>modo</span> <span class='ocrx_word' id='word_1_216' title='bbox 570 2378 589 2411; x_wconf 91' lang='lat'>,</span> <span class='ocrx_word' id='word_1_217' title='bbox 638 2322 754 2396; x_wconf 68' lang='lat' dir='ltr'>sed=</span> <span class='ocrx_word' id='word_1_218' title='bbox 779 2318 983 2419; x_wconf 73' lang='lat' dir='ltr'>teipia</span> <span class='ocrx_word' id='word_1_219' title='bbox 1006 2319 1476 2394; x_wconf 86' lang='lat' dir='ltr'>ostendendum</span> <span class='ocrx_word' id='word_1_220' title='bbox 1503 2379 1527 2413; x_wconf 85' lang='lat'><strong>,</strong></span> <span class='ocrx_word' id='word_1_221' title='bbox 1574 2349 1707 2397; x_wconf 91' lang='lat' dir='ltr'>non</span> <span class='ocrx_word' id='word_1_222' title='bbox 1746 2327 1989 2398; x_wconf 86' lang='lat' dir='ltr'>alienos</span> <span class='ocrx_word' id='word_1_223' title='bbox 2012 2324 2127 2399; x_wconf 84' lang='lat' dir='ltr'>fibi</span> <span class='ocrx_word' id='word_1_224' title='bbox 2147 2329 2280 2397; x_wconf 87' lang='lat' dir='ltr'>ani-</span> 
     </span>
     <span class='ocr_line' id='line_1_24' title="bbox 82 2414 2302 2518; baseline 0 -28"><span class='ocrx_word' id='word_1_225' title='bbox 82 2443 252 2500; x_wconf 83' lang='lat' dir='ltr'>mos</span> <span class='ocrx_word' id='word_1_226' title='bbox 290 2441 330 2490; x_wconf 92' lang='lat' dir='ltr'>a</span> <span class='ocrx_word' id='word_1_227' title='bbox 358 2442 512 2491; x_wconf 74' lang='lat' dir='ltr'>vera</span> <span class='ocrx_word' id='word_1_228' title='bbox 553 2442 711 2517; x_wconf 86' lang='lat' dir='ltr'>pace</span> <span class='ocrx_word' id='word_1_229' title='bbox 738 2472 760 2505; x_wconf 88' lang='lat'>,</span> <span class='ocrx_word' id='word_1_230' title='bbox 808 2439 955 2513; x_wconf 84' lang='lat' dir='ltr'>quae</span> <span class='ocrx_word' id='word_1_231' title='bbox 973 2469 994 2503; x_wconf 88' lang='lat'><strong>,</strong></span> <span class='ocrx_word' id='word_1_232' title='bbox 1044 2414 1090 2486; x_wconf 88' lang='lat' dir='ltr'>fi</span> <span class='ocrx_word' id='word_1_233' title='bbox 1135 2437 1269 2488; x_wconf 88' lang='lat' dir='ltr'>non</span> <span class='ocrx_word' id='word_1_234' title='bbox 1319 2416 1706 2491; x_wconf 83' lang='lat' dir='ltr'>coalesceret</span> <span class='ocrx_word' id='word_1_235' title='bbox 1725 2474 1748 2505; x_wconf 89' lang='lat'>,</span> <span class='ocrx_word' id='word_1_236' title='bbox 1803 2424 2080 2518; x_wconf 88' lang='lat' dir='ltr'>patitura</span> <span class='ocrx_word' id='word_1_237' title='bbox 2122 2440 2302 2512; x_wconf 17' lang='lat' dir='ltr'>tunc«</span> 
     </span>
     <span class='ocr_line' id='line_1_25' title="bbox 78 2509 2282 2612; baseline 0.001 -28"><span class='ocrx_word' id='word_1_238' title='bbox 78 2517 378 2612; x_wconf 83' lang='lat' dir='ltr'>quoque</span> <span class='ocrx_word' id='word_1_239' title='bbox 406 2518 601 2590; x_wconf 87' lang='lat' dir='ltr'>maria</span> <span class='ocrx_word' id='word_1_240' title='bbox 624 2567 645 2600; x_wconf 90' lang='lat'>,</span> <span class='ocrx_word' id='word_1_241' title='bbox 681 2509 1180 2605; x_wconf 89' lang='lat' dir='ltr'>concordesque</span> <span class='ocrx_word' id='word_1_242' title='bbox 1215 2535 1446 2584; x_wconf 86' lang='lat' dir='ltr'>omnes</span> <span class='ocrx_word' id='word_1_243' title='bbox 1488 2511 1875 2585; x_wconf 82' lang='lat' dir='ltr'>resumturos</span> <span class='ocrx_word' id='word_1_244' title='bbox 1893 2538 2070 2585; x_wconf 89' lang='lat' dir='ltr'>arma</span> <span class='ocrx_word' id='word_1_245' title='bbox 2093 2567 2114 2599; x_wconf 88' lang='lat'>,</span> <span class='ocrx_word' id='word_1_246' title='bbox 2141 2539 2282 2586; x_wconf 89' lang='lat' dir='ltr'>non</span> 
     </span>
     <span class='ocr_line' id='line_1_26' title="bbox 72 2604 2279 2703; baseline -0.002 -21"><span class='ocrx_word' id='word_1_247' title='bbox 72 2609 394 2682; x_wconf 75' lang='lat' dir='ltr'>‘veterum</span> <span class='ocrx_word' id='word_1_248' title='bbox 432 2606 639 2678; x_wconf 91' lang='lat' dir='ltr'>modo</span> <span class='ocrx_word' id='word_1_249' title='bbox 676 2608 1091 2703; x_wconf 85' lang='lat' dir='ltr'>injuriarum,</span> <span class='ocrx_word' id='word_1_250' title='bbox 1139 2604 1248 2677; x_wconf 90' lang='lat' dir='ltr'>sed</span> <span class='ocrx_word' id='word_1_251' title='bbox 1272 2610 1346 2676; x_wconf 79' lang='grc' dir='ltr'>δε</span> <span class='ocrx_word' id='word_1_252' title='bbox 1389 2605 1585 2679; x_wconf 80' lang='lat' dir='ltr'>illusae</span> <span class='ocrx_word' id='word_1_253' title='bbox 1646 2612 1774 2695; x_wconf 80' lang='lat' dir='ltr'>acis</span> <span class='ocrx_word' id='word_1_254' title='bbox 1793 2610 2069 2684; x_wconf 77' lang='lat' dir='ltr'>ultricia.</span> <span class='ocrx_word' id='word_1_255' title='bbox 2119 2608 2279 2679; x_wconf 82' lang='lat' dir='ltr'>Fer·</span> 
     </span>
     <span class='ocr_line' id='line_1_27' title="bbox 70 2694 2280 2799; baseline -0.001 -26"><span class='ocrx_word' id='word_1_256' title='bbox 70 2694 196 2790; x_wconf 54' lang='lat' dir='ltr'>{ne</span> <span class='ocrx_word' id='word_1_257' title='bbox 265 2726 344 2772; x_wconf 91' lang='lat' dir='ltr'>ue</span> <span class='ocrx_word' id='word_1_258' title='bbox 360 2706 574 2772; x_wconf 91' lang='lat' dir='ltr'>evenit</span> <span class='ocrx_word' id='word_1_259' title='bbox 597 2755 619 2789; x_wconf 90' lang='lat'>‚</span> <span class='ocrx_word' id='word_1_260' title='bbox 651 2720 720 2772; x_wconf 89' lang='lat' dir='ltr'>ut</span> <span class='ocrx_word' id='word_1_261' title='bbox 751 2705 826 2770; x_wconf 88' lang='lat'>&amp;</span> <span class='ocrx_word' id='word_1_262' title='bbox 848 2703 961 2797; x_wconf 93' lang='lat' dir='ltr'>qui</span> <span class='ocrx_word' id='word_1_263' title='bbox 982 2706 1191 2772; x_wconf 90' lang='lat' dir='ltr'>otium</span> <span class='ocrx_word' id='word_1_264' title='bbox 1210 2721 1520 2798; x_wconf 87' lang='lat' dir='ltr'>cuperent</span> <span class='ocrx_word' id='word_1_265' title='bbox 1546 2756 1567 2788; x_wconf 91' lang='lat'>,</span> <span class='ocrx_word' id='word_1_266' title='bbox 1663 2700 1945 2799; x_wconf 90' lang='lat' dir='ltr'>ispanum</span> <span class='ocrx_word' id='word_1_267' title='bbox 1975 2700 2280 2799; x_wconf 62' lang='lat' dir='ltr'>praestan-</span> 
     </span>
     <span class='ocr_line' id='line_1_28' title="bbox 76 2792 2274 2892; baseline -0.004 -21"><span class='ocrx_word' id='word_1_268' title='bbox 76 2793 126 2871; x_wconf 85' lang='lat' dir='ltr'>d</span> <span class='ocrx_word' id='word_1_269' title='bbox 239 2800 654 2883; x_wconf 75' lang='lat' dir='ltr'>cem-iorem,</span> <span class='ocrx_word' id='word_1_270' title='bbox 702 2800 779 2866; x_wconf 73' lang='grc' dir='ltr'>δε</span> <span class='ocrx_word' id='word_1_271' title='bbox 820 2792 1023 2890; x_wconf 86' lang='lat' dir='ltr'>quiid</span> <span class='ocrx_word' id='word_1_272' title='bbox 1045 2793 1248 2892; x_wconf 91' lang='lat' dir='ltr'>ipsum</span> <span class='ocrx_word' id='word_1_273' title='bbox 1285 2794 1577 2881; x_wconf 88' lang='lat' dir='ltr'>nollent,</span> <span class='ocrx_word' id='word_1_274' title='bbox 1624 2796 1780 2867; x_wconf 91' lang='lat' dir='ltr'>dum</span> <span class='ocrx_word' id='word_1_275' title='bbox 1808 2816 2052 2866; x_wconf 89' lang='lat' dir='ltr'>metum</span> <span class='ocrx_word' id='word_1_276' title='bbox 2075 2795 2274 2881; x_wconf 85' lang='lat' dir='ltr'>hosti,</span> 
     </span>
     <span class='ocr_line' id='line_1_29' title="bbox 79 2884 2272 2989; baseline -0.002 -27"><span class='ocrx_word' id='word_1_277' title='bbox 79 2899 169 2974; x_wconf 73' lang='grc' dir='ltr'>ὃς</span> <span class='ocrx_word' id='word_1_278' title='bbox 187 2891 566 2989; x_wconf 82' lang='lat' dir='ltr'>quaerendae</span> <span class='ocrx_word' id='word_1_279' title='bbox 586 2893 760 2986; x_wconf 90' lang='lat' dir='ltr'>pacis</span> <span class='ocrx_word' id='word_1_280' title='bbox 777 2884 990 2960; x_wconf 85' lang='lat' dir='ltr'>causas</span> <span class='ocrx_word' id='word_1_281' title='bbox 1026 2886 1369 2960; x_wconf 86' lang='lat' dir='ltr'>intendunt</span> <span class='ocrx_word' id='word_1_282' title='bbox 1391 2941 1411 2974; x_wconf 88' lang='lat'>,</span> <span class='ocrx_word' id='word_1_283' title='bbox 1445 2888 1550 2959; x_wconf 91' lang='lat' dir='ltr'>sua</span> <span class='ocrx_word' id='word_1_284' title='bbox 1587 2888 1698 2984; x_wconf 84' lang='lat' dir='ltr'>ipfi</span> <span class='ocrx_word' id='word_1_285' title='bbox 1719 2889 1983 2961; x_wconf 87' lang='lat' dir='ltr'>confilia</span> <span class='ocrx_word' id='word_1_286' title='bbox 2010 2887 2272 2961; x_wconf 86' lang='lat' dir='ltr'>frustra-</span> 
     </span>
     <span class='ocr_line' id='line_1_30' title="bbox 75 2981 2599 3080; baseline -0 -21"><span class='ocrx_word' id='word_1_287' title='bbox 75 3008 350 3059; x_wconf 87' lang='lat' dir='ltr'>rentur.</span> <span class='ocrx_word' id='word_1_288' title='bbox 402 2989 582 3055; x_wconf 89' lang='lat' dir='ltr'>Inter</span> <span class='ocrx_word' id='word_1_289' title='bbox 612 2983 749 3055; x_wconf 86' lang='lat' dir='ltr'>haec</span> <span class='ocrx_word' id='word_1_290' title='bbox 783 3006 821 3054; x_wconf 89' lang='lat' dir='ltr'>e</span> <span class='ocrx_word' id='word_1_291' title='bbox 862 2981 1070 3055; x_wconf 88' lang='lat' dir='ltr'>Gallia</span> <span class='ocrx_word' id='word_1_292' title='bbox 1104 2982 1298 3076; x_wconf 82' lang='lat' dir='ltr'>legati</span> <span class='ocrx_word' id='word_1_293' title='bbox 1327 2981 1678 3055; x_wconf 80' lang='lat' dir='ltr'>adveniunt</span> <span class='ocrx_word' id='word_1_294' title='bbox 1725 3005 1746 3053; x_wconf 85' lang='lat'>:</span> <span class='ocrx_word' id='word_1_295' title='bbox 1789 2986 2095 3080; x_wconf 73' lang='lat' dir='ltr'>princeps</span> <span class='ocrx_word' id='word_1_296' title='bbox 2130 3003 2268 3063; x_wconf 82' lang='lat' dir='ltr'>erat</span> <span class='ocrx_word' id='word_1_297' title='bbox 2319 2999 2599 3058; x_wconf 59' lang='grc' dir='ltr'>Μαι</span> 
     </span>
     <span class='ocr_line' id='line_1_31' title="bbox 76 3071 2557 3175; baseline -0.002 -22"><span class='ocrx_word' id='word_1_298' title='bbox 76 3084 339 3156; x_wconf 87' lang='lat' dir='ltr'>Petrus</span> <span class='ocrx_word' id='word_1_299' title='bbox 356 3083 616 3154; x_wconf 74' lang='lat' dir='ltr'>Ianinus</span> <span class='ocrx_word' id='word_1_300' title='bbox 641 3130 664 3163; x_wconf 88' lang='lat'>,</span> <span class='ocrx_word' id='word_1_301' title='bbox 707 3101 852 3173; x_wconf 89' lang='lat' dir='ltr'>pars</span> <span class='ocrx_word' id='word_1_302' title='bbox 869 3076 1207 3173; x_wconf 89' lang='lat' dir='ltr'>quondam</span> <span class='ocrx_word' id='word_1_303' title='bbox 1240 3097 1477 3175; x_wconf 83' lang='lat' dir='ltr'>magna</span> <span class='ocrx_word' id='word_1_304' title='bbox 1501 3075 1947 3173; x_wconf 77' lang='lat' dir='ltr'>Lotbaringici</span> <span class='ocrx_word' id='word_1_305' title='bbox 1967 3075 2260 3166; x_wconf 85' lang='lat' dir='ltr'>foederis,</span> <span class='ocrx_word' id='word_1_306' title='bbox 2290 3071 2391 3156; x_wconf 52' lang='grc' dir='ltr'>ἄρ’</span> <span class='ocrx_word' id='word_1_307' title='bbox 2409 3078 2557 3147; x_wconf 72' lang='lat' dir='ltr'>uga-</span> 
     </span>
     <span class='ocr_line' id='line_1_32' title="bbox 80 3158 2648 3270; baseline -0.001 -24"><span class='ocrx_word' id='word_1_308' title='bbox 80 3173 209 3246; x_wconf 83' lang='lat' dir='ltr'>sed</span> <span class='ocrx_word' id='word_1_309' title='bbox 243 3197 392 3244; x_wconf 87' lang='lat' dir='ltr'>cum</span> <span class='ocrx_word' id='word_1_310' title='bbox 428 3172 597 3244; x_wconf 91' lang='lat' dir='ltr'>duce</span> <span class='ocrx_word' id='word_1_311' title='bbox 635 3170 1002 3242; x_wconf 87' lang='lat' dir='ltr'>Meduanio</span> <span class='ocrx_word' id='word_1_312' title='bbox 1031 3172 1096 3242; x_wconf 88' lang='lat' dir='ltr'>in</span> <span class='ocrx_word' id='word_1_313' title='bbox 1131 3166 1513 3270; x_wconf 88' lang='lat' dir='ltr'>obsequium</span> <span class='ocrx_word' id='word_1_314' title='bbox 1549 3171 1764 3267; x_wconf 83' lang='lat' dir='ltr'>Regis</span> <span class='ocrx_word' id='word_1_315' title='bbox 1797 3167 2214 3267; x_wconf 78' lang='lat' dir='ltr'>transgressus</span> <span class='ocrx_word' id='word_1_316' title='bbox 2237 3223 2260 3257; x_wconf 88' lang='lat'>‚</span> <span class='ocrx_word' id='word_1_317' title='bbox 2291 3158 2336 3200; x_wconf 67' lang='lat'>‘³</span> <span class='ocrx_word' id='word_1_318' title='bbox 2350 3168 2369 3200; x_wconf 88' lang='grc'>·“</span> <span class='ocrx_word' id='word_1_319' title='bbox 2643 3239 2648 3244; x_wconf 81' lang='grc'><strong>.</strong></span> 
     </span>
     <span class='ocr_line' id='line_1_33' title="bbox 78 3260 2593 3361; baseline -0.001 -22"><span class='ocrx_word' id='word_1_320' title='bbox 78 3294 183 3348; x_wconf 80' lang='lat' dir='ltr'>ex</span> <span class='ocrx_word' id='word_1_321' title='bbox 232 3290 320 3339; x_wconf 81' lang='lat' dir='ltr'>eo</span> <span class='ocrx_word' id='word_1_322' title='bbox 350 3267 538 3339; x_wconf 82' lang='lat' dir='ltr'>claris</span> <span class='ocrx_word' id='word_1_323' title='bbox 573 3264 771 3352; x_wconf 88' lang='lat' dir='ltr'>fidei,</span> <span class='ocrx_word' id='word_1_324' title='bbox 823 3289 944 3336; x_wconf 88' lang='lat' dir='ltr'>nec</span> <span class='ocrx_word' id='word_1_325' title='bbox 965 3264 1327 3358; x_wconf 86' lang='lat' dir='ltr'>minoribus</span> <span class='ocrx_word' id='word_1_326' title='bbox 1353 3262 1750 3361; x_wconf 65' lang='lat' dir='ltr'>prudentiae,</span> <span class='ocrx_word' id='word_1_327' title='bbox 1804 3268 2262 3361; x_wconf 80' lang='lat' dir='ltr'>experimentis</span> <span class='ocrx_word' id='word_1_328' title='bbox 2293 3261 2493 3319; x_wconf 56' lang='grc' dir='ltr'>ΨΜ*</span> <span class='ocrx_word' id='word_1_329' title='bbox 2525 3260 2593 3318; x_wconf 65' lang='lat'>²⁶-</span> 
     </span>
     <span class='ocr_line' id='line_1_34' title="bbox 75 3348 2532 3458; baseline -0.003 -22"><span class='ocrx_word' id='word_1_330' title='bbox 75 3385 321 3436; x_wconf 86' lang='lat' dir='ltr'>rerum</span> <span class='ocrx_word' id='word_1_331' title='bbox 343 3364 765 3437; x_wconf 79' lang='lat' dir='ltr'>maximamm</span> <span class='ocrx_word' id='word_1_332' title='bbox 794 3358 1081 3431; x_wconf 84' lang='lat' dir='ltr'>minister</span> <span class='ocrx_word' id='word_1_333' title='bbox 1098 3411 1121 3448; x_wconf 85' lang='lat'>‚</span> <span class='ocrx_word' id='word_1_334' title='bbox 1169 3364 1245 3430; x_wconf 80' lang='grc' dir='ltr'>δε</span> <span class='ocrx_word' id='word_1_335' title='bbox 1264 3356 1511 3433; x_wconf 80' lang='lat' dir='ltr'>confilii</span> <span class='ocrx_word' id='word_1_336' title='bbox 1529 3358 1926 3430; x_wconf 47' lang='lat' dir='ltr'>*audior-itate</span> <span class='ocrx_word' id='word_1_337' title='bbox 1946 3362 2111 3430; x_wconf 89' lang='lat' dir='ltr'>inter</span> <span class='ocrx_word' id='word_1_338' title='bbox 2131 3363 2262 3458; x_wconf 88' lang='lat' dir='ltr'>pri·</span> <span class='ocrx_word' id='word_1_339' title='bbox 2291 3348 2532 3418; x_wconf 51' lang='lat' dir='ltr'>mmm?</span> 
     </span>
     <span class='ocr_line' id='line_1_35' title="bbox 68 3416 2528 3555; baseline -0.002 -24"><span class='ocrx_word' id='word_1_340' title='bbox 68 3482 256 3535; x_wconf 86' lang='lat' dir='ltr'>mos</span> <span class='ocrx_word' id='word_1_341' title='bbox 289 3455 646 3534; x_wconf 84' lang='lat' dir='ltr'>habebatur</span> <span class='ocrx_word' id='word_1_342' title='bbox 663 3485 687 3540; x_wconf 90' lang='lat'>;</span> <span class='ocrx_word' id='word_1_343' title='bbox 733 3445 924 3552; x_wconf 81' lang='lat' dir='ltr'>super</span> <span class='ocrx_word' id='word_1_344' title='bbox 958 3477 1172 3528; x_wconf 80' lang='lat' dir='ltr'>rerum</span> <span class='ocrx_word' id='word_1_345' title='bbox 1206 3451 1680 3524; x_wconf 59' lang='lat' dir='ltr'>tractandarum</span> <span class='ocrx_word' id='word_1_346' title='bbox 1702 3457 1998 3555; x_wconf 82' lang='lat' dir='ltr'>peritiam</span> <span class='ocrx_word' id='word_1_347' title='bbox 2018 3416 2310 3551; x_wconf 74' lang='lat' dir='ltr'>legum-¹</span> <span class='ocrx_word' id='word_1_348' title='bbox 2446 3421 2462 3481; x_wconf 43' lang='grc' dir='ltr'><strong><em>ἵ</em></strong></span> <span class='ocrx_word' id='word_1_349' title='bbox 2500 3446 2528 3468; x_wconf 76' lang='grc'><em>“</em></span> 
     </span>
     <span class='ocr_line' id='line_1_36' title="bbox 68 3544 2271 3648; baseline -0.001 -25"><span class='ocrx_word' id='word_1_350' title='bbox 68 3575 237 3648; x_wconf 88' lang='lat' dir='ltr'>que</span> <span class='ocrx_word' id='word_1_351' title='bbox 271 3552 729 3647; x_wconf 86' lang='lat' dir='ltr'>cogn-itionem</span> <span class='ocrx_word' id='word_1_352' title='bbox 771 3548 1101 3620; x_wconf 62' lang='lat' dir='ltr'>incndium</span> <span class='ocrx_word' id='word_1_353' title='bbox 1142 3547 1388 3623; x_wconf 64' lang='lat' dir='ltr'>cunetis</span> <span class='ocrx_word' id='word_1_354' title='bbox 1428 3544 1623 3619; x_wconf 90' lang='lat' dir='ltr'>bonis</span> <span class='ocrx_word' id='word_1_355' title='bbox 1653 3548 2271 3645; x_wconf 69' lang='lat' dir='ltr'>artibusingenium.</span> 
     </span>
     <span class='ocr_line' id='line_1_37' title="bbox 70 3640 2346 3740; baseline -0.002 -21"><span class='ocrx_word' id='word_1_356' title='bbox 70 3646 344 3719; x_wconf 83' lang='lat' dir='ltr'>Vultus</span> <span class='ocrx_word' id='word_1_357' title='bbox 379 3664 594 3720; x_wconf 86' lang='lat' dir='ltr'>autem</span> <span class='ocrx_word' id='word_1_358' title='bbox 614 3640 1054 3740; x_wconf 87' lang='lat' dir='ltr'>sermonisque</span> <span class='ocrx_word' id='word_1_359' title='bbox 1073 3641 1240 3715; x_wconf 88' lang='lat' dir='ltr'>adeo</span> <span class='ocrx_word' id='word_1_360' title='bbox 1273 3660 1506 3738; x_wconf 85' lang='lat' dir='ltr'>potens</span> <span class='ocrx_word' id='word_1_361' title='bbox 1535 3695 1555 3727; x_wconf 89' lang='lat'>‚</span> <span class='ocrx_word' id='word_1_362' title='bbox 1606 3663 1677 3712; x_wconf 90' lang='lat' dir='ltr'>ut</span> <span class='ocrx_word' id='word_1_363' title='bbox 1695 3650 2138 3713; x_wconf 85' lang='lat' dir='ltr'>cummaxime</span> <span class='ocrx_word' id='word_1_364' title='bbox 2155 3642 2276 3715; x_wconf 90' lang='lat' dir='ltr'>ab·</span> <span class='ocrx_word' id='word_1_365' title='bbox 2336 3677 2346 3684; x_wconf 85' lang='lat'><strong>·</strong></span> 
     </span>
     <span class='ocr_line' id='line_1_38' title="bbox 64 3735 2276 3834; baseline -0.002 -21"><span class='ocrx_word' id='word_1_366' title='bbox 64 3744 292 3822; x_wconf 84' lang='lat' dir='ltr'>deret</span> <span class='ocrx_word' id='word_1_367' title='bbox 326 3735 532 3810; x_wconf 71' lang='lat' dir='ltr'>sensus</span> <span class='ocrx_word' id='word_1_368' title='bbox 562 3735 983 3834; x_wconf 73' lang='lat' dir='ltr'>apertiffi&#39;mus</span> <span class='ocrx_word' id='word_1_369' title='bbox 1017 3735 1366 3810; x_wconf 81' lang='lat' dir='ltr'>videretur.</span> <span class='ocrx_word' id='word_1_370' title='bbox 1421 3737 1597 3806; x_wconf 84' lang='lat' dir='ltr'>Huic</span> <span class='ocrx_word' id='word_1_371' title='bbox 1641 3735 1906 3812; x_wconf 78' lang='lat' dir='ltr'>aderant</span> <span class='ocrx_word' id='word_1_372' title='bbox 1943 3740 2276 3810; x_wconf 71' lang='lat' dir='ltr'>Buzanva-</span> 
     </span>
     <span class='ocr_line' id='line_1_39' title="bbox 60 3829 2283 3936; baseline 0 -31"><span class='ocrx_word' id='word_1_373' title='bbox 60 3838 227 3911; x_wconf 87' lang='lat' dir='ltr'>lius</span> <span class='ocrx_word' id='word_1_374' title='bbox 263 3883 285 3917; x_wconf 92' lang='lat'>‚</span> <span class='ocrx_word' id='word_1_375' title='bbox 328 3833 503 3936; x_wconf 86' lang='lat' dir='ltr'>apud</span> <span class='ocrx_word' id='word_1_376' title='bbox 527 3832 821 3903; x_wconf 88' lang='lat' dir='ltr'>Ordines</span> <span class='ocrx_word' id='word_1_377' title='bbox 837 3830 1337 3929; x_wconf 73' lang='lat' dir='ltr'>regiusantehac</span> <span class='ocrx_word' id='word_1_378' title='bbox 1358 3848 1588 3901; x_wconf 86' lang='lat' dir='ltr'>orator</span> <span class='ocrx_word' id='word_1_379' title='bbox 1611 3885 1632 3918; x_wconf 90' lang='lat'>,</span> <span class='ocrx_word' id='word_1_380' title='bbox 1651 3836 1729 3900; x_wconf 45' lang='lat'>¹&amp;</span> <span class='ocrx_word' id='word_1_381' title='bbox 1751 3883 1774 3917; x_wconf 88' lang='lat'><strong>,</strong></span> <span class='ocrx_word' id='word_1_382' title='bbox 1791 3835 1907 3928; x_wconf 19' lang='lat' dir='ltr'>*qui</span> <span class='ocrx_word' id='word_1_383' title='bbox 1924 3829 2120 3925; x_wconf 82' lang='lat' dir='ltr'>juffus</span> <span class='ocrx_word' id='word_1_384' title='bbox 2138 3853 2283 3907; x_wconf 16' lang='lat' dir='ltr'>erat*</span> 
     </span>
     <span class='ocr_line' id='line_1_40' title="bbox 62 3922 2282 4022; baseline -0.002 -22"><span class='ocrx_word' id='word_1_385' title='bbox 62 3935 277 4016; x_wconf 78' lang='lat' dir='ltr'>hanc</span> <span class='ocrx_word' id='word_1_386' title='bbox 300 3930 362 4006; x_wconf 86' lang='lat' dir='ltr'>in</span> <span class='ocrx_word' id='word_1_387' title='bbox 381 3925 765 4022; x_wconf 81' lang='lat' dir='ltr'>dignitatem</span> <span class='ocrx_word' id='word_1_388' title='bbox 787 3924 1185 4004; x_wconf 80' lang='lat' dir='ltr'>Buzanvalio</span> <span class='ocrx_word' id='word_1_389' title='bbox 1216 3922 1551 4001; x_wconf 83' lang='lat' dir='ltr'>succedere</span> <span class='ocrx_word' id='word_1_390' title='bbox 1577 3977 1599 4011; x_wconf 86' lang='lat'>‚</span> <span class='ocrx_word' id='word_1_391' title='bbox 1647 3925 1813 3996; x_wconf 83' lang='lat' dir='ltr'>Elias</span> <span class='ocrx_word' id='word_1_392' title='bbox 1839 3928 2090 3998; x_wconf 88' lang='lat' dir='ltr'>Placius</span> <span class='ocrx_word' id='word_1_393' title='bbox 2115 3925 2282 3997; x_wconf 78' lang='lat' dir='ltr'>Rus-</span> 
     </span>
     <span class='ocr_line' id='line_1_41' title="bbox 62 4015 2280 4116; baseline -0.003 -21"><span class='ocrx_word' id='word_1_394' title='bbox 62 4026 330 4110; x_wconf 76' lang='lat' dir='ltr'>fiacus,</span> <span class='ocrx_word' id='word_1_395' title='bbox 383 4022 715 4116; x_wconf 85' lang='lat' dir='ltr'>[ndignius</span> <span class='ocrx_word' id='word_1_396' title='bbox 740 4021 886 4099; x_wconf 80' lang='lat' dir='ltr'>Rex</span> <span class='ocrx_word' id='word_1_397' title='bbox 907 4018 1152 4096; x_wconf 82' lang='lat' dir='ltr'>serebat</span> <span class='ocrx_word' id='word_1_398' title='bbox 1176 4072 1196 4106; x_wconf 90' lang='lat'>,</span> <span class='ocrx_word' id='word_1_399' title='bbox 1240 4021 1329 4090; x_wconf 91' lang='lat' dir='ltr'>ita</span> <span class='ocrx_word' id='word_1_400' title='bbox 1351 4021 1572 4113; x_wconf 84' lang='lat' dir='ltr'>paucis</span> <span class='ocrx_word' id='word_1_401' title='bbox 1612 4015 1886 4091; x_wconf 90' lang='lat' dir='ltr'>consciis</span> <span class='ocrx_word' id='word_1_402' title='bbox 1909 4073 1930 4105; x_wconf 87' lang='lat'>,</span> <span class='ocrx_word' id='word_1_403' title='bbox 1972 4019 2032 4092; x_wconf 91' lang='lat' dir='ltr'>se</span> <span class='ocrx_word' id='word_1_404' title='bbox 2053 4024 2280 4092; x_wconf 86' lang='lat' dir='ltr'>incon-</span> 
     </span>
     <span class='ocr_line' id='line_1_42' title="bbox 60 4110 2282 4280; baseline -0.001 -89"><span class='ocrx_word' id='word_1_405' title='bbox 60 4119 322 4209; x_wconf 60' lang='lat' dir='ltr'>stlta,</span> <span class='ocrx_word' id='word_1_406' title='bbox 350 4114 524 4212; x_wconf 62' lang='lat' dir='ltr'>jacta</span> <span class='ocrx_word' id='word_1_407' title='bbox 550 4114 699 4214; x_wconf 73' lang='lat' dir='ltr'>&#39;ejus</span> <span class='ocrx_word' id='word_1_408' title='bbox 732 4118 824 4191; x_wconf 83' lang='lat' dir='ltr'>rei</span> <span class='ocrx_word' id='word_1_409' title='bbox 862 4112 1275 4191; x_wconf 82' lang='lat' dir='ltr'>fundamenta</span> <span class='ocrx_word' id='word_1_410' title='bbox 1297 4167 1317 4203; x_wconf 85' lang='lat'>‚</span> <span class='ocrx_word' id='word_1_411' title='bbox 1320 4135 1552 4280; x_wconf 42' lang='lat' dir='ltr'>1{litam</span> <span class='ocrx_word' id='word_1_412' title='bbox 1579 4167 1601 4202; x_wconf 92' lang='lat'>,</span> <span class='ocrx_word' id='word_1_413' title='bbox 1625 4110 1819 4200; x_wconf 75' lang='lat' dir='ltr'>nifile</span> <span class='ocrx_word' id='word_1_414' title='bbox 1855 4113 2103 4186; x_wconf 87' lang='lat' dir='ltr'>arbitro</span> <span class='ocrx_word' id='word_1_415' title='bbox 2123 4166 2145 4200; x_wconf 90' lang='lat'>‚</span> <span class='ocrx_word' id='word_1_416' title='bbox 2185 4119 2282 4220; x_wconf 64' lang='lat'>{117</span> 
     </span>
     <span class='ocr_line' id='line_1_43' title="bbox 238 4228 2296 4303; baseline -0.002 0"><span class='ocrx_word' id='word_1_417' title='bbox 238 4249 251 4262; x_wconf 87' lang='lat'><strong>·</strong></span> <span class='ocrx_word' id='word_1_418' title='bbox 1502 4232 1541 4303; x_wconf 82' lang='lat'>3</span> <span class='ocrx_word' id='word_1_419' title='bbox 2148 4228 2296 4302; x_wconf 56' lang='lat' dir='ltr'>‘¹1‘ss-</span> 
     </span>
    </p>
   </div>
  </div>
 </body>
</html>
