2900 4628
283 269 288 275 ,
408 189 1772 280 urst-onussvmma.
1852 191 2020 262 xv.
2150 143 2329 284 ⁴491*

162 303 465 399 ciumque
558 298 831 387 retiola,
898 299 1178 371 duorum
1221 324 1540 374 annorum
1585 321 1973 400 proventum
2013 302 2184 399 Regi
2219 325 2298 375 ac
2357 309 2561 379 1606.
2636 281 2641 295 ⁴

162 399 503 466 mercatori
555 420 627 467 us
659 395 860 464 tulere
903 418 923 461 ε
966 392 1403 480 eo1sublevata
1429 396 1568 489 jam
1603 394 1929 467 manifesta
1966 397 2289 493 Hilpaniae

163 511 507 588 paupertas
530 542 560 574 5
600 487 894 582 fidesque
930 484 1140 558 subito
1157 487 1413 558 refecla.
1456 490 1735 561 Batavis
1771 487 2052 586 impenfit
2078 492 2289 584 pen'it.
2342 495 2608 576 Peuptqm

162 589 255 653 At
292 583 646 653 eorundem
668 606 782 680 per
802 580 1050 652 Indiam
1071 605 1171 652 res
1193 582 1328 652 fato
1369 581 1639 654 meliore
1672 581 2291 653 administrabantur.
2322 563 2572 689 ἔξω

161 674 391 747 Rediit
427 681 536 771 qui
590 701 671 772 pe
710 674 1019 770 Stephani
1056 676 1358 773 Verhagii
1390 672 1588 746 claffis
1611 730 1631 762 ,
1677 700 1873 772 quam
1911 681 2107 750 tertio
2145 696 2293 746 ante
2324 703 2534 762 navibus

161 792 338 843 anno
356 700 664 867 egresssm
707 771 1246 855 memoravimus,
1294 771 1493 841 claras
1511 790 1661 840 toto
1679 770 1843 841 orbe
1878 771 2178 843 vietorias
2216 772 2622 856 &labinum

160 862 411 936 foedera
450 868 677 958 regum
697 860 924 931 ferens.
986 861 1274 934 Primum
1305 885 1581 959 namque
1599 861 1857 935 obviam
1888 858 2289 935 Melambica
2359 898 2621 956 Restoede·

99 957 102 960 ’
159 955 330 1029 haud
397 957 624 1054 procul
652 955 1122 1036 ,Lufitanorum
1169 955 1518 1027 Caraccam
1563 977 1866 1056 ceperant
1910 1011 1933 1046 ‚
1993 958 2289 1029 incende·
2318 975 2543 1030 mm

161 1071 434 1146 rantqne
457 1102 479 1136 ,
525 1074 606 1120 ne
630 1054 814 1120 oneri
831 1045 1025 1120 foret.
1087 1050 1361 1146 Aliaque
1377 1054 1552 1124 navis
1567 1051 1821 1128 easdem
1837 1048 1950 1123 sub
1964 1073 2113 1122 oras
2137 1103 2161 1138 ,
2199 1074 2293 1123 at·
2317 1041 2621 1125 piu-ludim

159 1165 291 1241 que
324 1145 442 1215 alia
463 1143 766 1242 Calicuto
785 1145 1042 1216 veniens
1069 1140 1387 1241 oppress'a.
1456 1143 1559 1216 Ibi
1596 1146 1973 1216 Samorinus
2010 1143 2293 1216 Malaba·
2312 1112 2655 1259 m?

155 1262 304 1309 rum
337 1238 461 1310 late
502 1260 617 1309 rex
649 1235 953 1330 Lusitano
985 1242 1234 1309 nomini
1281 1261 1395 1335 per
1437 1237 1588 1310 data
1632 1255 2026 1338 acceptaque
2069 1238 2306 1310 damna

159 1330 441 1404 infensus
465 1387 485 1413 ‚
522 1331 889 1403 societatem
908 1329 1058 1402 belli
1075 1355 1224 1406 cum
1238 1335 1495 1406 Batavis
1517 1330 1688 1403 ultro
1708 1337 1919 1404 oravit
1942 1383 1966 1419 ,
1990 1331 2306 1403 firmavit·

158 1448 293 1525 que
337 1426 776 1510 sacrament03
822 1422 1233 1520 terrestribus
1269 1429 1479 1524 copiis
1525 1428 1547 1496 i
1599 1422 1658 1497 {e
1703 1426 1944 1498 validus
1967 1479 1987 1512 ,
2032 1429 2307 1500 navium
2427 1433 2430 1438 ’

159 1544 384 1623 egens.
445 1522 925 1615 Literae,‚quas
944 1516 1024 1588 ad
1048 1520 1434 1592 Mauritium
1459 1523 1544 1590 mi
1598 1540 1664 1605 t,
1707 1519 2119 1606 indicabant,
2167 1518 2308 1616 pla-

157 1637 308 1698 cere
322 1612 439 1711 ipfi
455 1666 477 1700 ‚
516 1631 589 1683 ut
599 1615 854 1706 Batavis
874 1609 1192 1682 castellum
1210 1613 1326 1687 suo
1345 1617 1413 1688 in
1433 1610 1573 1691 solo
1589 1610 1934 1700 strueretur
1952 1668 1973 1701 ,
1996 1635 2133 1686 tum
2156 1636 2306 1712 per-

160 1709 370 1788 εῐειᾶο
391 1707 563 1779 idem
582 1709 648 1777 in
667 1705 888 1776 foedus
908 1704 1269 1781 Hidalcano
1307 1711 1671 1783 vicinorum
1693 1731 1920 1808 regum
1943 1706 2303 1805 potentiffi-

159 1826 277 1878 mo
297 1802 324 1894 (
345 1797 817 1874 Mabumetistae
839 1799 978 1870 sunt
993 1799 1240 1897 ambo)
1260 1801 1568 1875 Cochino
1584 1804 1882 1899 Goaeque
1899 1856 1922 1890 ‚
1963 1804 2302 1899 praecipuis

154 1894 609 1969 Lufitanorum
631 1890 954 1978 coloniis,
1001 1894 1431 1970 imminerent.
1496 1897 1591 1964 At
1606 1893 1801 2003 legati
1828 1949 1849 1982 ,
1885 1919 2053 1992 quos
2077 1917 2193 1965 rex
2210 1895 2309 1963 A-

156 1987 619 2082 chiemenfium
656 1987 739 2057 ad
762 1985 1046 2058 Ordines
1085 1988 1583 2086 principemque
1614 1987 1904 2074 mtserat,
1948 1993 2015 2059 in
2037 1993 2308 2085 patriam
2514 2067 2527 2082 ,

157 2086 522 2181 reportati,
562 2079 923 2152 inclitarum
942 2084 1280 2176 regionum
1306 2087 1380 2174 δε
1401 2086 1615 2179 gentis
1650 2080 1832 2153 domi
1864 2105 2130 2180 quoque
2165 2080 2311 2151 bel-
2396 2085 2401 2088 “
2508 2121 2535 2140 ι

149 2178 406 2251 *latricis
427 2175 594 2247 fama
622 2177 982 2246 Sumatram
999 2179 1376 2279 vicinosque
1397 2177 1682 2274 populos
1701 2175 2066 2274 implevere.
2131 2178 2309 2247 Mox

158 2272 358 2355 obvia
375 2273 550 2343 navis
574 2325 595 2356 ‚
633 2269 1092 2341 Molnccarum
1109 2270 1488 2367 preelestu‘m
1510 2269 1644 2342 His
1709 2273 1925 2342 nicur'n
1950 2270 2158 2342 ferens
2179 2323 2201 2356 ,
2235 2272 2304 2340 in

159 2389 387 2440 manus
420 2369 615 2436 venit.
680 2362 1013 2435 Moluccis
1045 2362 1212 2435 haud
1280 2365 1460 2439 rocul
1482 2365 1638 2438 nobi
1665 2365 1823 2438 isest
1860 2365 2308 2437 Ambonaein-

113 2506 118 2511 -
160 2461 293 2535 sula
315 2515 338 2549 ,
383 2483 577 2555 quam
599 2512 620 2545 ,
657 2479 731 2529 ut
753 2460 948 2533 multa
982 2458 1116 2552 q'us
1153 2481 1232 2527 or
1283 2464 1336 2531 is
1359 2513 1381 2546 ‚
1419 2460 1679 2533 colonIa
1711 2483 1986 2557 arceque
2019 2457 2306 2532 Lusitani
2340 2528 2345 2535 ,

155 2555 544 2650 insederant.
579 2562 585 2569 '
616 2555 710 2621 At
731 2552 1030 2650 indigena
1052 2552 1327 2649 populus
1360 2551 1523 2625 odio
1550 2559 1940 2651 impotenter
1961 2551 2305 2625 dominan-

83 2714 100 2731 „
160 2654 330 2723 tium
365 2650 712 2722 amicitiam
740 2650 1127 2730 Batavorum
1154 2701 1175 2732 ,
1222 2670 1291 2717 ut
1312 2650 1590 2745 primum
1609 2671 1694 2725 eo
1732 2667 2030 2719 venerant
2051 2699 2072 2732 ‚
2117 2644 2302 2718 avide

156 2740 505 2838 acceperat
528 2793 552 2828 ‚
591 2738 778 2813 &ob
797 2741 859 2812 id
883 2743 1098 2838 gravia
1164 2736 1369 2828 assus,
1405 2745 1473 2814 in
1491 2742 1614 2816 hos
1632 2740 1832 2815 fidem
1856 2745 2052 2826 ,iram
2068 2744 2135 2812 in
2154 2739 2303 2808 illos

162 2836 617 2910 obduraverat.
683 2837 869 2911 Arcis
896 2833 1091 2931 praefe
1200 2860 1230 2906 s
1255 2888 1279 2921 ,
1327 2850 1477 2906 cum
1498 2834 1611 2908 sub
1633 2832 1760 2932 ipsa
1781 2838 2179 2906 munimenta
2196 2828 2305 2901 sn-

157 2932 308 3025 bire
339 2926 590 3002 classem
629 2927 1062 3038 prospiceret,
1107 2925 1275 3002 mifit
1302 2926 1610 2999 ferociter
1694 2931 1757 2998 ui
1779 2931 2307 3023 interrogarent,

215 3028 283 3095 ui
306 3017 549 3107 essent,
595 3022 753 3121 quid
775 3023 899 3095 111is
931 3026 1026 3095 rei
1043 3022 1216 3187 apud
1235 3018 1659 3119 praefidiumfi
1709 3019 2094 3107 icreditum.
2165 3019 2306 3091 Re·-

192 3117 485 3217 pondere
523 3114 657 3204 illi,
703 3116 1033 3189 ordinum
1094 3114 1649 3188 cederatorum.ac
1671 3117 1975 3211 principis
2006 3116 2306 3200 Mauritii

163 3207 263 3296 im
308 3216 446 3285 erio
480 3213 740 3301 venire,
784 3209 1031 3307 stregis
1061 3213 1404 3306 gentisque
1443 3205 1578 3282 His
1605 3232 1875 3287 anorum
1906 3228 2099 3305 atque
2117 3208 2308 3309 ipfius

166 3314 258 3414 ‘pu
330 3310 467 3378 icos
503 3303 718 3381 hostes
754 3357 775 3390 ,
823 3326 1127 3387 caeterum
1213 3308 1273 3374 ui
1312 3302 1535 3382 forent
1612 3308 1744 3378 revi
1785 3299 2129 3379 sensurum.
2198 3304 2307 3375 Si·-

162 3400 302 3489 mul
341 3398 795 3499 oppugnandae
832 3401 963 3470 arci
999 3410 1162 3493 expe
1210 3396 1524 3476 iebantur.
1586 3402 1679 3469 At
1723 3397 1869 3486 ille,
1918 3418 1989 3468 ut
2022 3417 2212 3469 atrox
2234 3400 2302 3470 in

160 3494 455 3574 imbelles
481 3548 504 3583 ,
559 3498 648 3566 ita
692 3491 1019 3565 adversum
1049 3512 1332 3567 armatos
1380 3490 1682 3590 pavidus,
1729 3490 1898 3564 baud
1931 3488 2321 3593 exspeehto,

126 3591 461 3687 ‘impetu‚
509 3586 760 3661 dedidit
789 3608 1001 3658 arcem
1047 3590 1127 3658 tri
1178 3591 1307 3659 inta
1338 3586 1706 3659 instruetam
1742 3586 2074 3659 machinis.
2143 3589 2300 3660 Sex-

159 3686 339 3758 cenci
383 3706 530 3754 cnm
590 3679 728 3781 ipso
774 3678 950 3752 datis.
1001 3609 1267 3757 navffius
1311 3684 1609 3780 proxima
1651 3685 1716 3752 in
1759 3676 1978 3753 littora
2021 3680 2296 3758 deveffl.

157 3779 260 3848 At
343 3777 714 3874 uadraginta
740 3774 847 3846 sex
880 3775 1192 3851 Lufitanis
1228 3797 1380 3847 cum
1419 3774 1521 3849 sua
1540 3778 1773 3871 cuique
1813 3773 2050 3849 familia
2084 3801 2301 3850 mane-

163 3895 239 3943 re
277 3799 647 3958 Hietisloci}
671 3922 692 3955 ,
729 3872 929 3965 inque
970 3867 1298 3940 Ordinum
1338 3874 1411 3941 δε
1442 3872 1738 3940 Mam-itii
1759 3868 1949 3942 verba
1983 3870 2157 3973 adigi
2180 3895 2302 3945 vo·-

57 3978 68 3991 ‘
161 3964 446 4039 lentibus
495 3961 640 4053 fuit.
716 3960 890 4031 Cum
928 3960 1061 4033 indi
1110 3984 1371 4035 enarum
1408 3964 1804 4059 primoribus
1853 3966 1880 4057 (
1914 3987 2191 4061 namque
2228 3964 2302 4059 hi
2347 4032 2350 4037 ,

157 4058 433 4136 infidam
472 4055 752 4159 regunt)
808 4052 1026 4131 foedus
1065 3985 1313 4133 {aetum
1373 4054 1564 4162 quale
1600 4081 1751 4159 cum
1795 4057 2115 4133 Bandanis
2151 4077 2301 4127 ante

345 4216 352 4223 .
733 4190 745 4199 ·
2052 4170 2303 4222 memo·-
