2900 4628
573 169 699 241 392
991 145 1655 217 HvGoNrs
1764 143 2296 214 GROTII

279 255 495 330 1600·
569 255 814 334 vexillis
851 259 1217 353 praetoriis,
1261 254 1468 327 altero
1511 253 1874 352 Principis,
1920 252 2128 325 altero
2168 249 2527 321 Hohenloii
2552 301 2574 334 ,
2615 245 2741 343 qui·

572 352 942 426 Hollandiae
983 347 1419 421 custodiendae
1448 349 1708 420 reli&us
1730 348 1971 440 aberat.
2048 348 2341 417 Mediam
2363 343 2538 416 Galli
2559 345 2734 415 obti-

569 446 808 525 nebant
829 498 851 531 ‚
903 443 1027 515 hos
1062 445 1345 519 Helvetii
1374 441 1803 538 sequebantur
1825 500 1843 524 ,
1894 447 1970 512 δε
2006 465 2090 513 ex
2130 438 2491 513 Andreano
2530 461 2734 509 novus

455 595 471 610 .
570 542 755 614 miles
799 563 819 610 ε
869 537 1219 612 Solmensis
1255 539 1420 610 hanc
1441 542 1649 609 aciem
1692 540 1881 632 rexit.
1955 541 2253 632 Tergum
2291 531 2579 604 servabat
2616 534 2735 605 Gi-

571 634 765 707 stella:
808 656 1033 705 uranus
1084 632 1474 704 Hollaudica
1499 685 1522 716 ,
1573 632 1884 728 posthanc
1936 637 2417 712 Germanorum
2461 649 2735 724 agmen,

569 727 755 826 quod
775 751 970 798 unum
992 750 1074 798 ex
1095 731 1306 824 copiis
1330 726 1601 802 Ernesto
1623 725 1791 800 datis
1806 724 2022 802 exsors
2043 723 2311 822 periculi
2330 720 2538 796 fuerat
2556 774 2580 807 ,
2623 744 2737 819 pa·

576 828 873 918 ritetque
897 823 1338 916 Trajeffinum
1383 820 1943 893 Vcbtembrou‘cio
1980 821 2172 890 duce.
2224 823 2566 912 Equitatus
2585 838 2735 913 par-

577 922 705 996 tim
737 921 805 991 in
844 914 1066 987 fronte
1099 936 1275 1004 erat,
1325 919 1559 1011 partim
1596 915 1874 988 mediam
1909 914 2171 1013 tegebat
2209 917 2455 1008 aciem,
2502 918 2735 1007 partim

252 1044 553 1104 mn„
584 1034 816 1082 omnes
852 1010 1261 1106 lequebatur.
1324 1014 1435 1082 Sic
1464 1007 1773 1081 ordinato
1806 1014 2101 1082 exercitu
2122 1010 2434 1103 Princeps
2458 1059 2480 1091 ‚
2524 1025 2737 1082 vetere

255 1118 496 1196 vesprin-
587 1105 827 1180 ducum
889 1101 1206 1191 solertia,
1270 1101 1514 1179 solvere
1581 1128 1771 1176 naves
1815 1157 1835 1188 ‚
1904 1127 2050 1200 quae
2107 1105 2240 1195 jam
2287 1101 2504 1171 multae
2546 1099 2738 1170 adve-

254 1185 509 1275 “P‘fflffl
586 1218 815 1285 nerant
835 1252 857 1285 ‚
908 1203 984 1271 δε
1022 1197 1384 1302 Ostendam
1431 1196 1570 1270 vela
1606 1198 1816 1270 facere
1845 1200 2035 1294 jubet
2062 1252 2082 1283 ‚
2131 1218 2202 1267 ut
2236 1195 2431 1265 aufio
2475 1197 2545 1264 in
2587 1215 2737 1263 om·

467 1371 494 1390 f
571 1288 2744 1484 3222?ss:Lssesffi‘ssefssssfi‘pffl“ffffiatffe‘ssssffiaeqffiffssffiss:

575 1502 896 1562 varentur.
947 1480 1219 1553 Relictae
1238 1479 1547 1552 centuria·
1562 1482 1817 1577 aliquot
1841 1534 1860 1567 ,
1908 1504 2056 1577 quae
2078 1483 2561 1579 Neoportanos
2589 1499 2745 1573 pro-

570 1577 873 1654 hiberent
913 1578 980 1647 in
1020 1575 1260 1670 proelio
1294 1575 1606 1647 distentos
1642 1598 2036 1672 erumpere..
2077 1571 2402 1648 Nondum
2436 1570 2746 1642 meridies

574 1690 886 1839 {2²0³sz
890 1669 1083 1838 ‘¹¹35’
1087 1670 1271 1862 ¹31?
1271 1671 2137 1836 fflssffiffinffi
2156 1666 2747 1859 sffiffi‘ffi'ffi?

892 1817 914 1850 ²
2164 1815 2186 1849 ²
2720 1814 2746 1849 2

576 1863 646 1934 in
668 1858 866 1934 colles
891 1857 1138 1933 recedit
1161 1911 1183 1945 ,
1231 1859 1323 1929 ibi
1346 1857 1638 1955 peditum
1654 1882 1886 1956 agmen
1909 1861 2251 1956 opperitur
2273 1909 2295 1941 ,
2342 1860 2531 1952 queis
2563 1857 2749 1951 juxta

576 1976 753 2025 mare
798 1954 980 2025 tarde
1027 1956 1150 2024 iter
1195 1952 1617 2024 molientibus
1655 2007 1677 2038 ‚
1747 1973 2071 2024 tormenta
2115 1954 2399 2050 graviter
2441 1954 2749 2045 utrinque

575 2067 927 2120 certarunt.
998 2050 1197 2120 Erant
1213 2047 1384 2144 apud
1406 2050 1833 2132 Mauritium,
1879 2051 1997 2143 qui
2022 2047 2284 2117 obviam
2315 2044 2750 2115 eundumbo-

578 2137 1004 2213 sticenserent
1042 2165 1063 2210 ε
1115 2143 1184 2212 id
1224 2148 1399 2214 euim
1422 2139 1705 2227 fortius,
1755 2139 2279 2214 &accendendae
2321 2139 2747 2210 militumala·

577 2238 813 2309 critati.
909 2237 1274 2334 Sapientius
1296 2235 1402 2304 alii
1427 2234 1814 2307 manendum
1832 2240 1899 2307 in
1919 2233 2077 2307 loco
2100 2289 2121 2321 ,
2171 2256 2311 2330 quo
2331 2233 2586 2329 longius
2614 2234 2746 2306 iter

575 2329 992 2427 perdifficilia
1012 2351 1346 2400 arenarum
1378 2329 1672 2401 hostilem
1713 2336 2028 2428 impetum
2066 2328 2456 2401 retunderet.
2518 2325 2751 2422 Quod

576 2446 727 2493 cum
751 2419 1078 2520 placuisset
1100 2479 1124 2507 ,
1167 2424 1621 2519 adrentantem
1650 2427 1787 2519 jam
1819 2428 2091 2521 propius
2109 2423 2365 2495 hostem
2384 2476 2409 2510 ‚
2465 2421 2754 2520 disjer

580 2521 873 2611 equitatu
897 2570 919 2602 ,
962 2522 1077 2612 qui
1102 2515 1514 2615 prospectum
1532 2517 1859 2590 ademerat
1882 2576 1903 2602 ,
1922 2517 2010 2590 ad
2027 2519 2201 2591 hunc
2212 2517 2502 2589 modum
2523 2517 2755 2590 instru-

424 2638 432 2657 ··
579 2610 757 2681 &um
780 2664 804 2697 ,
850 2608 1538 2683 Mauritiusesummis
1554 2612 1832 2685 collibus
1861 2668 1901 2700 ‚.
1928 2624 2100 2707 quos
2122 2617 2190 2683 in
2207 2612 2385 2683 usum
2406 2611 2756 2707 praeliioc-

257 2750 445 2827 m
468 2770 552 2811 m
580 2715 926 2801 cupaverat
950 2760 973 2793 ,
1011 2704 1485 2779 animadvertit.
1553 2711 1723 2780 Tres
1744 2706 1828 2778 de
1847 2731 2033 2778 more
2052 2712 2220 2777 acies
2241 2760 2264 2793 ‚
2315 2730 2591 2803 quarum
2616 2729 2758 2778 me-

249 2827 518 2885 nnam.
590 2798 697 2872 dia
716 2796 956 2896 duplex
979 2820 1197 2870 totum
1235 2798 1415 2870 littus
1439 2801 1813 2898 impleverat
1852 2824 1874 2871 ε
1924 2807 2014 2873 ita
2030 2821 2309 2898 quatuor
2342 2805 2606 2898 agmina
2638 2801 2756 2872 ha-

251 2894 464 2972 ſtrndn‘o.
587 2893 898 2966 statorum
934 2914 1157 2978 erait,
1211 2893 1472 2992 singulis
1504 2896 1739 2992 adjecti
1785 2920 2107 2967 cornuum
2146 2900 2209 2973 in
2248 2892 2528 2991 speciem
2568 2897 2757 2988 jacu-

579 2987 822 3064 latores
859 2990 1135 3084 majores
1152 3012 1229 3059 ac
1252 3012 1536 3059 minores
1556 3043 1578 3076 ,
1620 3014 1790 3087 quos
1812 2988 2319 3063 arcubalistarios
2345 2994 2417 3062 δι
2452 2989 2760 3061 musket·

576 3081 809 3159 tiferos
831 3107 1163 3154 vocamus·
1245 3084 1529 3154 Primam
1563 3094 1767 3155 aciem
1803 3084 2093 3159 Diestaui
2134 3087 2510 3181 pepigerant
2534 3136 2558 3170 ‚
2608 3083 2759 3157 uul-

581 3177 660 3251 lis
677 3177 1168 3249 centurionibus
1193 3215 1240 3263 ‚·
1264 3202 1399 3248 uno
1431 3175 1547 3249 sub
1563 3177 1801 3250 vexillo
1826 3233 1848 3264 ‚
1896 3203 2066 3273 quos
2092 3182 2262 3249 inter
2281 3177 2516 3274 agebat
2550 3180 2759 3249 Men·

580 3273 759 3345 dola.
830 3274 1185 3342 Dexteram
1209 3270 1496 3344 secundae
1534 3276 1695 3344 aciei
1721 3293 1965 3368 partem
1990 3325 2012 3360 ,
2056 3294 2205 3367 quae
2227 3278 2475 3368 integra
2512 3270 2761 3371 Hispa-

457 3402 466 3421 «
583 3391 820 3439 norum
850 3388 1028 3454 erat,
1075 3367 1517 3464 Montiregius
1553 3372 1628 3435 &
1667 3364 1969 3453 Vsslarss,
2017 3366 2281 3452 larvam,
2329 3389 2476 3465 quae
2507 3373 2760 3463 partim

581 3460 806 3536 Italica
832 3515 854 3546 ‚
902 3459 1216 3557 regebant
1262 3462 1512 3556 Sapena
1560 3465 1636 3530 δε
1676 3460 1929 3532 Avilos.
2004 3465 2181 3535 Inter
2226 3482 2573 3557 utrumque
2613 3462 2758 3533 hoc

580 3579 815 3652 agmen
853 3554 1158 3626 staturum
1181 3553 1620 3626 Archi‘ducem
1656 3560 1950 3651 equitum
1988 3578 2211 3627 manus
2232 3553 2468 3626 assueta
2503 3580 2760 3655 corpo-

582 3655 670 3725 ris
691 3648 998 3721 custodiae
1016 3644 1345 3744 cingebat.
1413 3653 1728 3721 Extremo
1747 3649 1904 3737 loco
1919 3649 2135 3747 Belgae
2161 3651 2472 3745 Buquoio
2496 3655 2573 3721 &
2594 3654 2759 3722 Bar-

577 3743 717 3818 lota
755 3742 1116 3814 rectoribus
1136 3795 1158 3827 ,
1207 3768 1355 3814 curn
1378 3743 1626 3816 auxiliis
1647 3762 1726 3813 ex
1748 3743 2063 3827 Hibernia
2099 3743 2396 3818 Bastucio
2416 3744 2609 3818 duce.
2660 3748 2762 3817 En

576 3838 867 3932 quitibus
891 3837 1246 3932 imperabat
1295 3840 1523 3909 Petrus
1547 3838 1835 3911 Galenus
1880 3862 1997 3935 per
2021 3837 2322 3932 morbum
2343 3838 2704 3913 Landriaui
2729 3865 2756 3915 z

572 3932 689 4005 nifi
711 3931 892 4028 quod
912 3932 1240 4002 Diestanis
1257 3928 1346 4002 sui
1365 3931 1632 4003 aderant
1661 3986 1684 4019 ‚
1731 3936 1800 4006 in
1818 3956 1991 4028 quos
2012 3932 2292 4032 potestas
2319 3952 2576 4008 tantum
2594 3959 2761 4029 pre·-

564 4032 759 4105 caria.
825 4027 919 4105 Vt
959 4024 1262 4104 distincita
1293 4026 1442 4129 ipfis
1463 4025 1778 4107 vocabula
1801 4051 1840 4104 a
1862 4028 2099 4128 lancea
2120 4080 2145 4120 ,
2183 4027 2450 4107 thorace
2472 4082 2495 4120 ‚
2546 4030 2762 4107 tubo-

2583 4148 2747 4203 mm
