2900 4628
407 199 1437 270 HISTORIARVM
1521 201 1761 269 LIB.
1848 200 2108 271 XVH.
2231 218 2356 295 555

136 354 147 361 -
203 309 322 382 est.
379 310 568 407 ⁴Ergo
604 308 959 382 Matelifius
983 313 1057 379 &
1078 309 1322 381 castella
1343 308 1507 380 loeis
1533 314 1882 405 oportunis
1903 307 2187 407 disponit
2208 364 2231 397 ,
2282 313 2360 379 δε
2410 308 2616 382 1608.

206 404 792 501 propugnaculum,
858 405 991 475 uod
1014 407 1065 473 F
1069 404 1300 473 urtado
1323 404 1680 498 pauloante
1696 409 1828 474 arci
1847 402 2207 490 addiderat,
2224 427 2362 474 ma-

204 498 540 571 chinarum
559 427 1063 593 incuffuccllisjicit
1086 553 1107 585 ‚
1145 503 1218 568 δε
1233 520 1383 568 cum
1407 497 1699 594 stagnans
1724 501 1951 568 humus
1972 495 2361 569 fodientium

207 615 408 685 opera
432 613 564 661 non
596 593 966 662 admitteret
991 646 1010 678 ‚
1057 594 1351 689 oppletas
1366 588 1538 663 terra
1556 592 1885 662 turriculas
1905 591 2146 687 ligneas
2168 645 2190 677 ,
2239 614 2364 661 cae·

206 687 544 781 satumque
584 688 888 777 arborum
936 685 1262 777 materiam
1299 687 1418 778 (ac
1453 684 1627 759 forte
1657 686 1857 763 multa
1896 690 1960 755 in
1985 691 2361 783 propinquo

207 785 501 876 pomeria
526 784 752 875 erant)
795 784 1061 876 propius
1080 804 1291 852 arcem
1310 780 1620 853 admovet
1644 833 1664 865 ‚
1714 781 2028 852 translatis
2047 780 2277 851 rudem
2298 783 2367 850 in

206 873 439 944 orbem
461 873 609 945 belli
633 879 911 945 Batavici
932 873 1196 945 artibus.
1243 878 1497 944 Mirum
1520 874 1721 959 dieta,
1744 897 1940 970 quam
1963 875 2168 944 nullus
2185 877 2358 945 eoin

174 1056 182 1059 .
209 966 469 1039 obfidio
500 970 855 1039 Iorenfium
874 1014 902 1055 ι,
955 974 1028 1039 &
1067 992 1237 1063 quos
1275 968 1378 1038 alii
1396 972 1755 1039 vicinorum
1776 992 2000 1067 regum
2021 966 2313 1038 miserant
2335 1022 2357 1054 ‚
2450 1002 2457 1009 ·

209 1060 348 1131 ustis
370 1059 584 1157 fuerit.
648 1065 936 1132 Primum
965 1118 984 1148 ,
1018 1087 1213 1156 quem
1236 1061 1656 1158 promiserant
1675 1085 2014 1134 numerum
2038 1085 2172 1131 non
2194 1084 2362 1158 prae-

208 1156 281 1225 sti
292 1177 423 1225 tere
447 1188 464 1239 ς
505 1176 641 1227 tum
679 1157 867 1227 militi
898 1156 1275 1252 obsequium
1301 1161 1373 1226 δε
1395 1157 1751 1243 constantia
1771 1181 1906 1226 non
1928 1162 2139 1227 minus
2162 1179 2362 1251 quam

255 1254 439 1319 eritia
457 1248 718 1320 aberant
740 1304 759 1335 ,
780 1274 898 1321 nec
916 1252 997 1321 ad
1019 1255 1392 1348 eruptiones
1410 1271 1662 1322 tantum
1680 1304 1698 1336 ‚
1722 1247 1831 1322 {ed
1849 1250 1931 1321 ad
1952 1255 2242 1345 quemvis
2262 1271 2362 1319 te·-

204 1276 422 1414 Forum
455 1342 694 1436 jaQu'm
735 1345 1036 1415 stationes
1077 1343 1528 1435 deserebantur
1548 1398 1570 1433 ,
1618 1346 1923 1439 claroque
1955 1365 2093 1415 tum
2114 1346 2364 1441 experi-

209 1443 677 1535 mentopatuit
699 1492 719 1524 ‚
769 1439 1221 1510 Lufitanorum
1256 1438 1390 1509 istis
1427 1438 1510 1510 de
1533 1438 1831 1536 gentibus
1845 1438 2133 1534 praedam
2155 1440 2361 1534 magis

208 1528 415 1619 huffe,
454 1555 649 1626 quam
665 1532 1021 1604 vffioriam.
1050 1539 1166 1603 *At
1187 1537 1431 1616 Batavi,
1453 1532 1635 1631 preffi
1656 1553 1804 1603 toto
1825 1532 1976 1604 beili
1993 1554 2220 1618 onere,
2244 1555 2360 1627 pet

209 1626 384 1697 caius
406 1624 717 1697 fortuitos
740 1681 761 1712 ,
781 1649 901 1697 nec
922 1633 1132 1699 minus
1148 1623 1278 1724 ipsa
1296 1626 1653 1700 laffitudine
1673 1631 1746 1697 δε
1769 1626 2101 1697 οοᾶυωίε
2131 1625 2365 1696 imbri·
2383 1620 2400 1631 ’
2555 1656 2594 1693 ι’

208 1720 334 1793 bus
355 1721 804 1817 carpebanturt
860 1724 1022 1819 Spes
1043 1746 1177 1791 non
1192 1744 1351 1806 erat,
1372 1726 1432 1795 vi
1454 1720 1633 1818 poss‘e
1652 1718 2238 1807 obseffos,numero
2261 1743 2366 1792 va-
2413 1742 2438 1757 ⁴·

208 1814 476 1887 lidiores
499 1870 521 1898 ,
544 1841 578 1886 a
611 1814 970 1887 minoribus
989 1821 1130 1913 capi
1161 1838 1182 1883 t
1218 1813 1541 1915 supererat
1560 1836 1629 1887 ut
1649 1815 1853 1885 fames
1871 1814 2364 1910 exspeQatetur.

212 1907 342 1981 Sed
379 1930 615 2004 quarto
653 1910 786 2004 jam
816 1908 1051 1982 obfidii
1095 1908 1307 1982 mense
1341 1909 1722 2006 pertendere
1741 1908 1905 1978 ultra
1923 1912 2132 1979 vetuit
2156 1911 2364 1979 aGoa

209 2002 410 2073 claffis
434 2008 694 2074 veniens
721 2057 742 2088 ‚
768 2009 872 2075 cui
896 2004 1250 2101 imperabat
1266 2001 1635 2101 Alphonsus
1655 2002 2000 2075 Castrensis
2024 2005 2239 2098 regius
2259 2005 2367 2073 Iu·

207 2097 337 2191 diae
356 2119 621 2194 praetor.
684 2098 1007 2169 Galeones
1025 2117 1206 2169 eraut
1226 2099 1724 2194 quatuordecim
1748 2144 1770 2180 9
1806 2097 2023 2193 longae
2039 2108 2321 2192 quatuor
2338 2146 2363 2181 ,

207 2198 498 2265 minores
518 2198 769 2263 navium
792 2188 1067 2263 sedecim
1099 2217 1118 2260 ε
1157 2193 1603 2288 vehebantque
1622 2190 1956 2263 Lufitanos
1973 2210 2081 2260 aut
2102 2188 2266 2259 alios
2282 2211 2366 2261 ex

209 2291 474 2383 Europa
484 2308 592 2358 *ter
613 2285 790 2358 mille
809 2284 1249 2385 leptingentos
1271 2296 1299 2357 τ’
1313 2286 1628 2363 barbarici
1647 2284 1974 2357 ministerii
1993 2301 2392 2381 properans
2493 2286 2499 2291 “

204 2380 500 2452 tundem.
525 2380 908 2452 Mandatum
929 2381 1154 2470 illiS‚ut
1172 2381 1390 2479 postea
1408 2408 1490 2456 ex
1510 2405 1581 2452 ca
1633 2385 1777 2453 tivis
1796 2379 2119 2474 literisque
2132 2383 2371 2475 cogni·

209 2497 352 2548 tum
378 2528 399 2562 ,
435 2475 581 2545 loca
607 2529 626 2563 ,
666 2500 812 2571 quae
834 2480 1054 2556 Batavi
1072 2498 1354 2548 mercatu
1370 2477 1550 2548 adire
1598 2476 1741 2547 oliti
1769 2525 1790 2560 ,
1829 2472 2006 2546 bello
2021 2474 2319 2562 invadere
2340 2526 2364 2559 ,

210 2570 605 2654 Achemum,
628 2576 873 2656 loram,-
898 2572 1276 2656 Pahamum,
1301 2574 1657 2657 Fanniam,
1682 2574 2063 2662 Bantamum
2097 2571 2171 2638 &
2205 2573 2366 2637 Am⁴

207 2666 482 2737 bonam.
534 2665 751 2759 Prope
767 2665 1130 2735 Achemum
1151 2685 1222 2736 ut
1237 2686 1546 2738 venerant
1566 2719 1585 2751 ,
1608 2667 1743 2761 regi
1760 2665 1895 2758 ejus
1917 2661 2091 2732 urbis
2113 2665 2365 2758 impen-

161 2799 171 2814 ·
212 2759 308 2830 sas
327 2755 523 2829 claffis
551 2780 620 2828 ut
636 2758 902 2828 solveret
924 2810 943 2841 ,
985 2762 1259 2830 Batavos
1279 2761 1563 2830 traderet
1586 2811 1607 2843 ‚
1643 2779 1856 2826 arcem
1873 2755 2022 2826 strui
2044 2774 2366 2850 pateretur

205 2850 614 2948 'imperabant
633 2903 653 2937 ‚
691 2852 863 2946 quafi
874 2854 1019 2945 jure
1038 2855 1351 2924 victoriae.
1397 2853 1652 2961 Sprevit
1671 2851 1809 2920 haec
1830 2847 1935 2921 ille
1949 2851 2150 2920 armis
2163 2844 2367 2918 fretus
2457 2853 2462 2856 ’

214 2952 291 3016 &
312 2948 723 3017 munimentis
748 2999 769 3032 ,
818 2945 1054 3041 quibus
1087 2969 1272 3017 oram
1305 2949 1693 3017 maritimam
1723 2941 2085 3014 firmaverat
2109 2991 2129 3025 ‚
2176 2965 2371 3012 mon-

211 3042 450 3112 strante
481 3041 747 3112 Batavo,
824 3041 1042 3110 Vnum
1083 3060 1296 3111 tamen
1317 3042 1552 3111 horum
1575 3043 1860 3132 irrupere
1882 3032 2148 3131 Hispani
2191 3058 2210 3102 ε
2259 3030 2367 3104 sed

211 3159 365 3205 cum
381 3134 563 3207 clade
582 3133 807 3230 repulsi
830 3188 857 3218 „
872 3159 998 3206 nee
1009 3134 1137 3206 aufi
1162 3135 1349 3226 ultra.
1401 3133 1606 3208 Simul
1623 3134 1900 3227 cognito
1918 3127 2231 3202 Malaccae
2246 3125 2373 3199 ob·

211 3229 377 3303 fidio
397 3282 418 3314 ‚
440 3225 590 3298 illuc
612 3249 962 3323 properant
982 3282 1002 3314 ‚
1016 3253 1272 3317 vacuas,
1293 3227 1336 3301 fi
1359 3226 1634 3324 postem,
1655 3247 1872 3311 naveS,
1887 3244 2180 3318 terraque
2196 3222 2373 3321 spar-
2457 3261 2480 3320 ἵ·

209 3322 347 3394 sum
371 3322 617 3402 hostem
635 3320 1016 3419 oppressuri..
1067 3326 1399 3396 P-raevertit
1417 3320 1775 3393 Matelifius
1797 3342 1909 3415 per
1924 3318 2370 3413 exploratores

213 3422 504 3490 monitus
543 3440 562 3485 :
607 3422 681 3486 &
713 3414 1233 3518 quanquamippse
1250 3417 1493 3488 militiae
1512 3439 1720 3489 novus
1744 3469 1767 3500 ,
1816 3412 2105 3508 implevit
2124 3416 2371 3511 egregii

211 3515 399 3600 duci-,5
420 3511 734 3591 officium.
758 3512 1223 3608 impedimenta
1242 3515 1521 3609 primum
1542 3516 1614 3581 δε
1634 3509 1944 3580 machinae
1961 3507 2226 3579 navibus
2252 3512 2374 3582 im-

215 3606 442 3704 pofitae
481 3631 501 3673 ε
544 3606 695 3686 inde
715 3604 986 3686 lorensis
1004 3605 1227 3676 miles:
1266 3630 1426 3677 mox
1443 3610 1829 3677 Batavorum
1847 3623 1917 3673 ut
1935 3600 2202 3697 quisque
2222 3602 2372 3675 lon-
2427 3671 2454 3676 1*
2483 3685 2486 3696 ἲ
2537 3629 2548 3637 ·

215 3702 460 3799 gissime
478 3700 727 3785 aberat,
755 3707 841 3774 ita
860 3721 1010 3769 ante
1029 3698 1195 3770 alios
1213 3701 1459 3798 ingredi
1482 3699 1797 3771 castellum
1815 3697 2380 3792 jubebatur,quod
2460 3703 2478 3716 “

217 3800 285 3866 in
321 3796 540 3866 littore
571 3793 777 3866 fitum.
850 3796 1003 3864 Pars
1014 3795 1149 3889 jam
1181 3818 1371 3867 naves
1398 3800 1783 3865 intraverant
1807 3845 1829 3878 ‚
1878 3816 2022 3887 pars
2044 3807 2378 3865 terramoq·

134 3959 139 3964 .
216 3887 546 3973 rabantur,
569 3912 772 3960 cum-e
794 3889 1087 3959 Malacca
1107 3894 1171 3961 vi
1190 3912 1421 3987 magna
1447 3891 1935 3986 prorumpitur3
1967 3881 2071 3957 sed
2093 3883 2377 3983 repreffo
2479 3907 2496 3936 ··

215 3982 401 4057 hoste
435 3982 636 4054 facilis
671 3985 755 4055 de
768 4002 1006 4054 caetero
1026 3980 1339 4054 inscensus
1360 3983 1505 4054 fixit.
1533 4047 1550 4048 ἶ
1581 3985 2095 4076 Qamprimum
2126 3983 2191 4052 {e
2211 3985 2378 4052 invi,

213 4103 359 4164 cem
392 4075 611 4165 elaffes
638 4076 1036 4186 eonspexete
1079 4129 1100 4166 ,
1147 4077 1291 4152 telis
1328 4081 1577 4159 eminus
1611 4096 1934 4151 certatum
1953 4128 1975 4165 ,
2023 4075 2383 4252 [υίὶῑαηὶεᾶ

960 4217 965 4220 -
2156 4239 2160 4243 ,
2196 4192 2334 4268 quo
