2900 4628
270 218 1319 343 Hrs‘roMAR-vm
1406 254 1649 323 Lrss.
1737 253 1946 323 xvr.
2064 271 2192 344 515

16 352 23 359 ’
62 363 221 466 figit.
242 364 466 440 Stabat
479 361 693 436 media
709 386 866 436 nave
885 360 1263 460 conspicuus
1287 416 1308 450 ‚
1328 386 1483 435 cum
1502 365 1936 437 machinarum
1943 364 2192 465 jaetum
2259 374 2467 457 1607.

57 468 382 555 repetente
401 457 691 556 Hispano
709 457 945 557 globus
966 457 1137 528 forte
1158 461 1554 556 interempto
1568 459 1699 531 alio
1723 512 1744 547 ‚
1792 484 1936 532 crus
1955 460 2069 557 ipfi
2090 459 2202 531 lae-

59 577 203 625 vum
220 551 927 650 abrumpit‚sternitque
948 556 1139 623 armis
1161 558 1441 651 gravem.
1454 553 1784 645 Sentiebat
1800 550 2004 626 adesse
2023 574 2206 624 mor·
2247 594 2257 606 ·

56 666 184 730 tem
213 702 233 735 ‚
278 651 497 743 itaque
514 649 730 717 Deum
765 665 1059 743 precatus
1093 668 1431 718 exeuntem
1466 668 1536 718 ut
1566 651 1851 719 animum
1873 652 2201 747 propitius

53 747 193 812 exci
242 762 381 811 eret
406 791 429 828 ,
464 740 758 811 hortatui·
780 739 1138 826 adstantes,
1175 739 1317 822 nes
1388 746 1529 812 nius
1565 764 1701 810 rem
1765 762 1944 813 erant
1963 774 1987 830 ς
2022 765 2199 838 quae-

49 767 323 907 rendlrrn
342 839 407 904 in
430 834 625 925 bostis
644 834 825 904 clade
849 832 1050 904 amiffi
1067 835 1247 905 ducis
1267 832 1337 906 so
1361 840 1584 907 atium.
1639 835 1738 906 Ce
1762 857 1864 908 ata
1892 860 1931 908 a
1967 857 2202 907 centu-

45 922 247 1000 rione
268 924 640 1000 Verboevio
660 951 835 999 mors
860 925 1146 1025 praefeffl
1169 982 1191 1016 ‚
1239 928 1494 1002 nonnifi
1509 927 1854 1002 commisso
1889 930 2110 1028 praelio
2130 933 2200 1002 in

44 1021 640 1093 classem‘manavin
669 1022 851 1094 Idem
891 1044 1165 1118 operam
1202 1021 1381 1094 dedit
1403 1077 1422 1110 ‚
1473 1044 1544 1094 ut
1576 1024 1784 1094 dextri
1817 1024 2036 1097 lateris
2059 1042 2200 1093 ma·

46 1118 261 1188 chinae
277 1112 815 1212 disploderentur.
862 1113 1182 1214 Hispanus
1198 1118 1329 1212 jam
1351 1117 1694 1187 consumto
1719 1139 2200 1190 tormentorum

46 1208 161 1281 usu
184 1209 491 1284 tuborum
530 1208 860 1282 miffilibus
893 1212 1232 1308 ingruebat
1254 1262 1275 1297 ‚
1322 1207 1429 1282 led
1450 1214 1835 1283 Batavorum
1856 1232 2083 1303 contra
2100 1216 2206 1283 ni·-

46 1309 321 1376 tentium
359 1306 674 1377 certiores
710 1305 873 1379 istus
913 1358 936 1392 ‚
981 1327 1229 1400 quanto
1269 1303 1529 1378 denfior
1563 1302 1762 1376 hostis
1797 1306 2220 1383 constiterat.'.

42 1399 434 1471 Lambertus
458 1434 511 1484 ,υ
529 1416 603 1468 ut
644 1396 866 1469 ‘uisum
891 1412 1040 1470 'erat
1070 1453 1090 1486 ,
1138 1396 1253 1471 ins
1319 1421 1477 1470 uens
1501 1454 1522 1486 ,
1565 1402 1893 1498 principio
1928 1405 2206 1498 puppim

44 1493 252 1564 Avilae
266 1494 416 1563 serit
438 1545 459 1579 ,
477 1422 824 1563 indelateri
842 1488 905 1564 se
926 1489 1151 1591 &ipse
1170 1517 1298 1589 app
1323 1496 1473 1563 icat.
1523 1496 1714 1563 Acris
1729 1500 1940 1564 oritur
1957 1514 2216 1592 pugna,·

40 1585 344 1683 fumique
380 1584 624 1656 nebulae
664 1586 890 1657 cuneta
945 1585 1340 1683 involventes
1383 1585 1492 1657 die
1536 1585 1676 1683 plus
1718 1588 1938 1659 medio
1975 1588 2207 1694 imagia·

39 1704 198 1752 nem
227 1679 618 1752 exhibebant
651 1680 951 1750 noeturni
983 1683 1374 1751 certaminis.
1455 1681 1736 1776 Reliqua
1771 1683 1973 1778 praelii
2009 1687 2152 1754 caru
2176 1732 2203 1768 ,
2313 1747 2319 1751 ,

35 1799 182 1846 non
194 1799 284 1845 ex
306 1770 684 1872 praescripto
706 1775 1104 1871 regebantur.
1144 1777 1321 1845 Nam
1343 1792 1491 1844 cum
1511 1773 1832 1846 Zelandus
1855 1775 2203 1867 Alterafius

36 1865 387 1940 secundam
402 1889 439 1936 a
463 1869 763 1962 praet'oria
784 1866 899 1939 libi
918 1867 1295 1940 destinatam
1314 1869 1580 1965 aggredi
1599 1868 2003 1955 canestaretur
2027 1921 2047 1954 ,
2071 1890 2206 1939 tres

33 1986 190 2034 earn
211 1960 321 2031 alii
343 1958 615 2030 invalere
638 2012 659 2042 ,
699 1972 857 2030 mox
895 1964 968 2031 δε
1005 1981 1269 2058 quartus
1299 1959 1593 2034 acceffit..
1628 1965 1805 2056 Qae
1827 1961 1937 2033 ubi
1956 1961 2206 2033 affiduo

35 2055 406 2152 globorum
416 2054 593 2148 ja&u
610 2051 934 2127 flammam
950 2073 1338 2153 conceperat
1357 2108 1383 2142 ‚
1423 2058 1686 2151 jamque
1705 2055 1785 2125 ad
1811 2078 2208 2152 oppugnan-

32 2147 527 2248 tes'periculum
550 2147 963 2244 penetrabat,
1010 2151 1335 2220 retrahunt
1371 2148 1432 2221 st
1476 2152 1694 2221 Batavi
1714 2173 1791 2221 ac
1809 2149 2208 2222 vela-codem

35 2245 287 2316 ardore
309 2264 607 2339 correpta
629 2239 1050 2341 restinguunt.
1072 2247 1163 2313 At
1179 2242 1443 2341 Hispani
1465 2265 1704 2339 pavore
1721 2248 1983 2317 attoniti
2007 2298 2026 2332 ,
2049 2245 2211 2342 pro·

19 2340 205 2436 jesta
233 2340 414 2407 navis
436 2359 588 2407 cura
610 2391 631 2423 ,
679 2336 1023 2433 postquam
1037 2339 1278 2409 ”cancta
1309 2342 1520 2409 carina
1556 2358 1742 2410 tenus
1777 2337 2078 2411 adederat
2096 2341 2220 2408 in·'

27 2432 353 2505 cendium
377 2484 399 2518 ,
446 2434 514 2500 in
550 2455 720 2502 mare
740 2435 1101 2529 praecipites
1135 2432 1411 2527 hostium
1428 2454 1701 2530 quoque
1719 2433 1862 2505 telis
1883 2434 2157 2531 impetiti
2179 2477 2206 2518 ‚

19 2545 337 2614 mortem
356 2545 569 2596 morte
609 2524 959 2597 mutabant.
1007 2527 1225 2597 Aliam
1266 2527 1630 2599 Galeonem‘
1669 2532 1966 2599 centurio
2008 2521 2215 2598 Bata-²
2273 2601 2276 2604 ,

20 2623 147 2696 vus
166 2622 504 2692 Henricus
521 2621 789 2715 Longus
804 2621 1070 2694 calidius
1104 2618 1493 2718 ‘oppugnans
1527 2617 1736 2722 globo
1776 2624 2206 2702 interimitur,

17 2716 137 2789 sed
164 2721 262 2785 δε
285 2712 391 2784 illa
406 2709 813 2812 gliscentibus
834 2713 979 2784 telis
997 2713 1293 2786 funditus
1387 2714 1559 2788 arfit.
1607 2713 1884 2786 Rursum
1908 2713 2028 2784 alia
2044 2712 2211 2809 ejusl-

14 2803 190 2881 ‘dem
216 2802 687 2902 magnitudinis
707 2831 778 2876 ru
830 2826 895 2877 ta
924 2829 1246 2905 compage
1261 2832 1389 2904 aqu
1428 2833 1459 2878 s
1478 2806 1767 2879 hauriens
1785 2826 1988 2878 onere
2006 2802 2213 2902 preffit

24 2900 341 2978 firbfizdit‘.
399 2901 667 2973 Caeterae
693 2903 780 2971 Hi
808 2898 1125 2997 panorum
1145 2954 1168 2986 ‚
1216 2900 1542 2979 nonnullae
1565 2904 1640 2968 δε
1671 2903 2063 2973 Batavorum
2096 2922 2213 2969 na-

27 3023 147 3071 ves
173 3053 198 3085 ‚
254 3017 392 3069 non
427 2993 775 3068 aufieinter
816 2994 873 3065 ie
911 3017 1099 3066 manu
1120 2997 1478 3092 periculum
1495 2990 1704 3064 fircere
1725 3044 1749 3078 ‚
1794 2998 2042 3063 eminus
2064 3015 2212 3063 cer-

20 3093 340 3176 nebant5
389 3088 760 3188 promiscuo
779 3085 980 3159 ferme
995 3092 1060 3160 in
1083 3088 1294 3159 hostes
1317 3111 1393 3158 ac
1425 3086 1639 3160 socios
1672 3084 1868 3157 malo.
1917 3087 2218 3157 Carteia*
2280 3167 2288 3174 ,

26 3191 108 3257 ni
153 3193 437 3281 quoque
454 3209 536 3255 ex
571 3181 825 3280 oppido
843 3197 1116 3283 arceque
1143 3181 1674 3277 jaculabanturm
1711 3177 1839 3252 Sed
1878 3184 2211 3277 repentina

19 3284 136 3357 vis
158 3279 492 3374 Hispanos
581 3277 805 3348 erculit
845 3281 1105 3378 egregia
1137 3280 1279 3347 navi
1315 3273 1565 3348 suomet
1607 3273 1867 3372 pulvere
1901 3275 2164 3370 disjeeh
2187 3330 2212 3364 ‚

21 3374 276 3447 hostes
306 3371 431 3444 five
464 3303 579 3470 ipl}
622 3372 1258 3467 ignem‘indiderant.
1311 3369 1659 3465 Postquam
1699 3369 2054 3441 horrendus
2088 3365 2215 3440 fra-

16 3493 177 3568 gor
211 3466 356 3540 finu
398 3469 582 3537 omni
621 3481 989 3536 intonuerat
1030 3518 1049 3550 ,
1096 3464 1319 3534 lacerae
1376 3469 1554 3538 navis
1591 3461 1880 3558 reliquiae
1917 3463 2220 3536 ardentes

19 3568 390 3663 proximas
409 3561 664 3633 naviur'h
691 3611 711 3643 ,
760 3558 883 3628 111ae
917 3558 1179 3632 viciffim
1214 3560 1371 3632 alias>
1388 3561 1455 3628 in
1492 3557 1661 3629 idem
1695 3560 1961 3632 exitium
2007 3579 2216 3630 traxe-

12 3685 137 3733 τε
192 3660 386 3748 Qae
421 3654 786 3767 supererant
809 3705 830 3737 ,
877 3651 1239 3750 priusquam
1260 3653 1340 3723 ad
1377 3647 1535 3747 ipsas
1574 3672 1839 3747 quoque
1871 3653 2060 3752 pestis
2082 3658 2219 3750 'pe-
2253 3680 2256 3683 ’

12 3767 370 3833 neti-aret,
389 3747 665 3820 abiciffis
683 3745 945 3819 funibus
971 3805 993 3832 ,
1015 3749 1220 3820 littori
1244 3751 1597 3818 incurrunt.
1646 3748 1800 3817 Sola
1822 3769 2056 3847 pugnae
2079 3752 2215 3819 exi·

12 3871 184 3922 tum
246 3847 545 3939 praetoria
579 3843 955 3912 morabatur
975 3896 997 3930 ,
1044 3842 1200 3913 duas
1233 3846 1299 3912 in
1334 3864 1524 3913 naves
1559 3840 1815 3913 fortiter
1847 3844 2161 3917 dimicans
2188 3897 2214 3932 ,

10 3948 279 4022 donec.
312 3943 497 4007 tertia
553 3937 939 4034 supervenit.
1027 3939 1205 4008 Tum
1259 3955 1416 4009 vero
1465 3936 1747 4031 abrupto
1795 3962 1828 4008 a
1879 3937 2052 4008 lustri
2087 3961 2215 4008 una

12 4038 261 4112 animi
299 4031 729 4103 'conciderunt
765 4082 786 4118 ‚
834 4032 1218 4127 penitusque
1275 4027 1560 4127 ingreffls
1615 4028 1841 4103 victori
1871 4055 1966 4124 ‚us
2005 4030 2217 4103 caedes

14 4133 272 4231 magis
301 4144 460 4218 orta·
484 4147 678 4226 quam
718 4127 1037 4222 praelium«
1129 4125 1423 4293 (ἐξεῖπε
1465 4144 1648 4199 τοῖσι
1670 4121 2119 4230 Hispanorum·
2147 4143 2224 4192 ue

70 4239 75 4246 ·
591 4254 594 4257 ·
1333 4242 1380 4292 2
1987 4237 2222 4313 pariter
