<?xml version="1.0" encoding="UTF-8"?>
<!DOCTYPE html PUBLIC "-//W3C//DTD XHTML 1.0 Transitional//EN"
    "http://www.w3.org/TR/xhtml1/DTD/xhtml1-transitional.dtd">
<html xmlns="http://www.w3.org/1999/xhtml" xml:lang="en" lang="en">
 <head>
  <title>
</title>
<meta http-equiv="Content-Type" content="text/html;charset=utf-8" />
  <meta name='ocr-system' content='tesseract 3.04.00' />
  <meta name='ocr-capabilities' content='ocr_page ocr_carea ocr_par ocr_line ocrx_word'/>
</head>
<body>
  <div class='ocr_page' id='page_1' title='image "./annalesethistor00grotgoog/annalesethistor00grotgoog_0253.png"; bbox 0 0 2900 4628; ppageno 0'>
   <div class='ocr_carea' id='block_1_1' title="bbox 424 160 2324 310">
    <p class='ocr_par' dir='ltr' id='par_1_1' title="bbox 424 160 2324 310">
     <span class='ocr_line' id='line_1_1' title="bbox 424 160 2324 310; baseline 0.005 -26"><span class='ocrx_word' id='word_1_1' title='bbox 424 211 1473 284; x_wconf 65' lang='lat' dir='ltr'>Hts-Tonmnvm</span> <span class='ocrx_word' id='word_1_2' title='bbox 1560 209 1801 285; x_wconf 66' lang='grc' dir='ltr'>ΜΒ.</span> <span class='ocrx_word' id='word_1_3' title='bbox 1886 216 2018 288; x_wconf 85' lang='grc' dir='ltr'>ιν.</span> <span class='ocrx_word' id='word_1_4' title='bbox 2192 160 2324 310; x_wconf 56' lang='grc' dir='ltr'>εἰς</span> 
     </span>
    </p>
   </div>
   <div class='ocr_carea' id='block_1_2' title="bbox 47 323 2676 4264">
    <p class='ocr_par' dir='ltr' id='par_1_2' title="bbox 87 323 2609 1082">
     <span class='ocr_line' id='line_1_2' title="bbox 168 323 2609 435; baseline 0.002 -36"><span class='ocrx_word' id='word_1_5' title='bbox 168 340 304 399; x_wconf 70' lang='lat' dir='ltr'>ren</span> <span class='ocrx_word' id='word_1_6' title='bbox 416 344 664 398; x_wconf 80' lang='lat' dir='ltr'>exerat.</span> <span class='ocrx_word' id='word_1_7' title='bbox 762 326 1023 395; x_wconf 87' lang='lat' dir='ltr'>At&#39;non</span> <span class='ocrx_word' id='word_1_8' title='bbox 1059 323 1392 396; x_wconf 80' lang='lat' dir='ltr'>muliebris</span> <span class='ocrx_word' id='word_1_9' title='bbox 1422 328 1614 396; x_wconf 83' lang='lat' dir='ltr'>uxori</span> <span class='ocrx_word' id='word_1_10' title='bbox 1645 331 1891 401; x_wconf 85' lang='lat' dir='ltr'>animus</span> <span class='ocrx_word' id='word_1_11' title='bbox 1939 355 1963 400; x_wconf 73' lang='grc' dir='ltr'><strong><em>ε</em></strong></span> <span class='ocrx_word' id='word_1_12' title='bbox 2011 329 2168 401; x_wconf 88' lang='lat' dir='ltr'>dum</span> <span class='ocrx_word' id='word_1_13' title='bbox 2191 329 2329 430; x_wconf 86' lang='lat' dir='ltr'>spes</span> <span class='ocrx_word' id='word_1_14' title='bbox 2403 353 2609 435; x_wconf 80' lang='lat'>¹595·</span> 
     </span>
     <span class='ocr_line' id='line_1_3' title="bbox 168 406 2332 523; baseline 0.002 -30"><span class='ocrx_word' id='word_1_15' title='bbox 168 421 328 519; x_wconf 83' lang='lat' dir='ltr'>supe</span> <span class='ocrx_word' id='word_1_16' title='bbox 393 425 508 517; x_wconf 25' lang='lat' dir='ltr'>uit·</span> <span class='ocrx_word' id='word_1_17' title='bbox 522 442 715 518; x_wconf 88' lang='lat' dir='ltr'>agere</span> <span class='ocrx_word' id='word_1_18' title='bbox 757 415 886 515; x_wconf 89' lang='lat' dir='ltr'>ipsa</span> <span class='ocrx_word' id='word_1_19' title='bbox 924 406 1171 521; x_wconf 70' lang='lat' dir='ltr'>&#39;vigilia‘s</span> <span class='ocrx_word' id='word_1_20' title='bbox 1212 472 1234 504; x_wconf 87' lang='lat'>,</span> <span class='ocrx_word' id='word_1_21' title='bbox 1298 443 1607 517; x_wconf 76' lang='lat' dir='ltr'>aggerere</span> <span class='ocrx_word' id='word_1_22' title='bbox 1626 421 1927 518; x_wconf 88' lang='lat' dir='ltr'>cespitem</span> <span class='ocrx_word' id='word_1_23' title='bbox 1967 476 1990 509; x_wconf 81' lang='lat'>,</span> <span class='ocrx_word' id='word_1_24' title='bbox 2053 426 2332 523; x_wconf 84' lang='lat' dir='ltr'>dirigere</span> 
     </span>
     <span class='ocr_line' id='line_1_4' title="bbox 170 510 2335 609; baseline 0.001 -22"><span class='ocrx_word' id='word_1_25' title='bbox 170 534 564 601; x_wconf 71' lang='lat' dir='ltr'>tormenta,</span> <span class='ocrx_word' id='word_1_26' title='bbox 613 510 975 585; x_wconf 87' lang='lat' dir='ltr'>intervisere</span> <span class='ocrx_word' id='word_1_27' title='bbox 1034 513 1401 609; x_wconf 88' lang='lat' dir='ltr'>manipulos</span> <span class='ocrx_word' id='word_1_28' title='bbox 1441 566 1463 599; x_wconf 87' lang='lat'>,</span> <span class='ocrx_word' id='word_1_29' title='bbox 1510 516 1739 586; x_wconf 61' lang='lat' dir='ltr'>cundia</span> <span class='ocrx_word' id='word_1_30' title='bbox 1775 516 1959 587; x_wconf 89' lang='lat' dir='ltr'>ducis</span> <span class='ocrx_word' id='word_1_31' title='bbox 2008 570 2030 603; x_wconf 94' lang='lat'>,</span> <span class='ocrx_word' id='word_1_32' title='bbox 2079 522 2335 591; x_wconf 79' lang='lat' dir='ltr'>militis-</span> 
     </span>
     <span class='ocr_line' id='line_1_5' title="bbox 171 608 2336 708; baseline 0.001 -26"><span class='ocrx_word' id='word_1_33' title='bbox 171 632 308 708; x_wconf 91' lang='lat' dir='ltr'>que</span> <span class='ocrx_word' id='word_1_34' title='bbox 347 610 564 687; x_wconf 85' lang='lat' dir='ltr'>munia</span> <span class='ocrx_word' id='word_1_35' title='bbox 604 608 889 680; x_wconf 87' lang='lat' dir='ltr'>induere.</span> <span class='ocrx_word' id='word_1_36' title='bbox 987 609 1201 678; x_wconf 86' lang='lat' dir='ltr'>Etiam</span> <span class='ocrx_word' id='word_1_37' title='bbox 1236 608 1501 704; x_wconf 87' lang='lat' dir='ltr'>plebem</span> <span class='ocrx_word' id='word_1_38' title='bbox 1534 608 1903 704; x_wconf 82' lang='lat' dir='ltr'>largitione</span> <span class='ocrx_word' id='word_1_39' title='bbox 1943 630 2336 699; x_wconf 79' lang='lat' dir='ltr'>tentaverat,</span> 
     </span>
     <span class='ocr_line' id='line_1_6' title="bbox 169 696 2341 803; baseline 0.001 -28"><span class='ocrx_word' id='word_1_40' title='bbox 169 696 327 803; x_wconf 53' lang='lat' dir='ltr'>quae</span> <span class='ocrx_word' id='word_1_41' title='bbox 361 702 702 803; x_wconf 76' lang='lat' dir='ltr'>postquam</span> <span class='ocrx_word' id='word_1_42' title='bbox 734 701 960 775; x_wconf 81' lang='lat' dir='ltr'>frustra</span> <span class='ocrx_word' id='word_1_43' title='bbox 993 699 1170 772; x_wconf 85' lang='lat' dir='ltr'>fuere</span> <span class='ocrx_word' id='word_1_44' title='bbox 1195 755 1216 789; x_wconf 92' lang='lat'>,</span> <span class='ocrx_word' id='word_1_45' title='bbox 1265 707 1660 799; x_wconf 79' lang='lat' dir='ltr'>agnovitque</span> <span class='ocrx_word' id='word_1_46' title='bbox 1695 702 1951 777; x_wconf 73' lang='lat' dir='ltr'>adversa</span> <span class='ocrx_word' id='word_1_47' title='bbox 1987 702 2114 775; x_wconf 83' lang='lat' dir='ltr'>fata</span> <span class='ocrx_word' id='word_1_48' title='bbox 2138 759 2159 793; x_wconf 94' lang='lat'>,</span> <span class='ocrx_word' id='word_1_49' title='bbox 2206 732 2341 778; x_wconf 88' lang='lat' dir='ltr'>non</span> 
     </span>
     <span class='ocr_line' id='line_1_7' title="bbox 172 795 2341 899; baseline -0 -27"><span class='ocrx_word' id='word_1_50' title='bbox 172 800 395 872; x_wconf 78' lang='lat' dir='ltr'>tamen</span> <span class='ocrx_word' id='word_1_51' title='bbox 436 803 866 899; x_wconf 78' lang='lat' dir='ltr'>principatum</span> <span class='ocrx_word' id='word_1_52' title='bbox 901 795 1069 868; x_wconf 88' lang='lat' dir='ltr'>hosti</span> <span class='ocrx_word' id='word_1_53' title='bbox 1109 796 1270 867; x_wconf 86' lang='lat' dir='ltr'>relin</span> <span class='ocrx_word' id='word_1_54' title='bbox 1324 819 1472 868; x_wconf 88' lang='lat' dir='ltr'>uere</span> <span class='ocrx_word' id='word_1_55' title='bbox 1516 850 1537 883; x_wconf 88' lang='lat'>,</span> <span class='ocrx_word' id='word_1_56' title='bbox 1583 821 1694 870; x_wconf 86' lang='lat' dir='ltr'>aut</span> <span class='ocrx_word' id='word_1_57' title='bbox 1733 803 1931 872; x_wconf 85' lang='lat' dir='ltr'>vitam</span> <span class='ocrx_word' id='word_1_58' title='bbox 1967 798 2207 870; x_wconf 89' lang='lat' dir='ltr'>debere</span> <span class='ocrx_word' id='word_1_59' title='bbox 2245 798 2341 871; x_wconf 89' lang='lat' dir='ltr'>su-</span> 
     </span>
     <span class='ocr_line' id='line_1_8' title="bbox 87 889 2342 991; baseline -0.001 -25"><span class='ocrx_word' id='word_1_60' title='bbox 87 971 92 976; x_wconf 65' lang='grc'>,</span> <span class='ocrx_word' id='word_1_61' title='bbox 172 894 397 966; x_wconf 82' lang='lat' dir='ltr'>stinuit</span> <span class='ocrx_word' id='word_1_62' title='bbox 420 946 441 981; x_wconf 90' lang='lat'>,</span> <span class='ocrx_word' id='word_1_63' title='bbox 484 892 722 987; x_wconf 81' lang='lat' dir='ltr'>eodem</span> <span class='ocrx_word' id='word_1_64' title='bbox 742 894 848 961; x_wconf 86' lang='lat' dir='ltr'>die</span> <span class='ocrx_word' id='word_1_65' title='bbox 865 889 1170 967; x_wconf 65' lang='lat' dir='ltr'>exstineta</span> <span class='ocrx_word' id='word_1_66' title='bbox 1193 943 1215 978; x_wconf 90' lang='lat'>,</span> <span class='ocrx_word' id='word_1_67' title='bbox 1308 891 1589 962; x_wconf 86' lang='lat' dir='ltr'>olorean</span> <span class='ocrx_word' id='word_1_68' title='bbox 1608 891 1857 989; x_wconf 71' lang='lat' dir='ltr'>sumpta</span> <span class='ocrx_word' id='word_1_69' title='bbox 1879 912 2095 964; x_wconf 88' lang='lat' dir='ltr'>morte</span> <span class='ocrx_word' id='word_1_70' title='bbox 2112 914 2342 991; x_wconf 86' lang='lat' dir='ltr'>parum</span> 
     </span>
     <span class='ocr_line' id='line_1_9' title="bbox 175 983 2345 1082; baseline -0.001 -21"><span class='ocrx_word' id='word_1_71' title='bbox 175 988 491 1061; x_wconf 78' lang='lat' dir='ltr'>definitur</span> <span class='ocrx_word' id='word_1_72' title='bbox 511 1039 531 1074; x_wconf 88' lang='lat'>,</span> <span class='ocrx_word' id='word_1_73' title='bbox 577 1007 718 1082; x_wconf 88' lang='lat' dir='ltr'>quo</span> <span class='ocrx_word' id='word_1_74' title='bbox 749 983 1064 1056; x_wconf 76' lang='lat' dir='ltr'>dedendae</span> <span class='ocrx_word' id='word_1_75' title='bbox 1095 988 1262 1056; x_wconf 85' lang='lat' dir='ltr'>areis</span> <span class='ocrx_word' id='word_1_76' title='bbox 1291 983 1544 1057; x_wconf 82' lang='lat' dir='ltr'>foedera</span> <span class='ocrx_word' id='word_1_77' title='bbox 1572 985 2037 1059; x_wconf 81' lang='lat' dir='ltr'>sanciebantur.</span> <span class='ocrx_word' id='word_1_78' title='bbox 2142 992 2345 1059; x_wconf 88' lang='lat' dir='ltr'>Dire-</span> 
     </span>
    </p>

    <p class='ocr_par' dir='ltr' id='par_1_3' title="bbox 175 1078 2345 1183">
     <span class='ocr_line' id='line_1_10' title="bbox 175 1078 2345 1183; baseline 0 -30"><span class='ocrx_word' id='word_1_79' title='bbox 175 1102 308 1183; x_wconf 85' lang='lat' dir='ltr'>ptae</span> <span class='ocrx_word' id='word_1_80' title='bbox 332 1082 705 1179; x_wconf 81' lang='lat' dir='ltr'>Balagniaci</span> <span class='ocrx_word' id='word_1_81' title='bbox 744 1078 1244 1176; x_wconf 85' lang='lat' dir='ltr'>Alenconiique-</span> <span class='ocrx_word' id='word_1_82' title='bbox 1266 1084 1578 1177; x_wconf 84' lang='lat' dir='ltr'>imagines</span> <span class='ocrx_word' id='word_1_83' title='bbox 1617 1106 1637 1151; x_wconf 91' lang='lat'><strong>:</strong></span> <span class='ocrx_word' id='word_1_84' title='bbox 1691 1086 1767 1153; x_wconf 76' lang='grc' dir='ltr'>δε</span> <span class='ocrx_word' id='word_1_85' title='bbox 1789 1105 1939 1153; x_wconf 88' lang='lat' dir='ltr'>cum</span> <span class='ocrx_word' id='word_1_86' title='bbox 1962 1080 2047 1153; x_wconf 87' lang='lat' dir='ltr'>ab</span> <span class='ocrx_word' id='word_1_87' title='bbox 2062 1082 2345 1180; x_wconf 85' lang='lat' dir='ltr'>oppida-</span> 
     </span>
    </p>

    <p class='ocr_par' dir='ltr' id='par_1_4' title="bbox 175 1172 2347 1276">
     <span class='ocr_line' id='line_1_11' title="bbox 175 1172 2347 1276; baseline -0 -28"><span class='ocrx_word' id='word_1_88' title='bbox 175 1183 279 1248; x_wconf 85' lang='lat' dir='ltr'>nis</span> <span class='ocrx_word' id='word_1_89' title='bbox 302 1172 760 1275; x_wconf 53' lang='lat' dir='ltr'>jusjurandum·</span> <span class='ocrx_word' id='word_1_90' title='bbox 788 1194 1126 1274; x_wconf 84' lang='lat' dir='ltr'>rogaretur</span> <span class='ocrx_word' id='word_1_91' title='bbox 1164 1227 1187 1259; x_wconf 93' lang='lat'>,</span> <span class='ocrx_word' id='word_1_92' title='bbox 1225 1173 1619 1245; x_wconf 80' lang='lat' dir='ltr'>Ricardotus</span> <span class='ocrx_word' id='word_1_93' title='bbox 1654 1174 2073 1247; x_wconf 83' lang='lat' dir='ltr'>formularum</span> <span class='ocrx_word' id='word_1_94' title='bbox 2108 1198 2347 1276; x_wconf 81' lang='lat' dir='ltr'>gnatus</span> 
     </span>
    </p>

    <p class='ocr_par' dir='ltr' id='par_1_5' title="bbox 153 1266 2345 1463">
     <span class='ocr_line' id='line_1_12' title="bbox 174 1266 2343 1369; baseline -0.001 -27"><span class='ocrx_word' id='word_1_95' title='bbox 174 1274 373 1363; x_wconf 61' lang='lat' dir='ltr'>vespa</span> <span class='ocrx_word' id='word_1_96' title='bbox 413 1274 502 1363; x_wconf 84' lang='lat' dir='ltr'>ita</span> <span class='ocrx_word' id='word_1_97' title='bbox 535 1270 981 1368; x_wconf 68' lang='lat' dir='ltr'>conceperat,</span> <span class='ocrx_word' id='word_1_98' title='bbox 1024 1266 1202 1366; x_wconf 81' lang='lat' dir='ltr'>quafi</span> <span class='ocrx_word' id='word_1_99' title='bbox 1241 1273 1307 1340; x_wconf 90' lang='lat' dir='ltr'>in</span> <span class='ocrx_word' id='word_1_100' title='bbox 1347 1267 1481 1339; x_wconf 80' lang='lat' dir='ltr'>fide</span> <span class='ocrx_word' id='word_1_101' title='bbox 1520 1267 1800 1369; x_wconf 86' lang='lat' dir='ltr'>Philippi</span> <span class='ocrx_word' id='word_1_102' title='bbox 1822 1271 1972 1363; x_wconf 73' lang='lat' dir='ltr'>urbs</span> <span class='ocrx_word' id='word_1_103' title='bbox 1995 1267 2149 1345; x_wconf 81' lang='lat' dir='ltr'>esset</span> <span class='ocrx_word' id='word_1_104' title='bbox 2168 1269 2343 1341; x_wconf 84' lang='lat' dir='ltr'>futu·-</span> 
     </span>
     <span class='ocr_line' id='line_1_13' title="bbox 153 1359 2345 1463; baseline -0.002 -25"><span class='ocrx_word' id='word_1_105' title='bbox 153 1390 283 1449; x_wconf 70' lang='grc' dir='ltr'>η..</span> <span class='ocrx_word' id='word_1_106' title='bbox 321 1366 508 1457; x_wconf 79' lang='lat' dir='ltr'>Nam</span> <span class='ocrx_word' id='word_1_107' title='bbox 528 1359 703 1461; x_wconf 80' lang='lat' dir='ltr'>adid</span> <span class='ocrx_word' id='word_1_108' title='bbox 722 1383 974 1462; x_wconf 85' lang='lat' dir='ltr'>tempus</span> <span class='ocrx_word' id='word_1_109' title='bbox 1010 1361 1346 1461; x_wconf 82' lang='lat' dir='ltr'>Burgundi</span> <span class='ocrx_word' id='word_1_110' title='bbox 1374 1366 1448 1433; x_wconf 91' lang='lat'>&amp;</span> <span class='ocrx_word' id='word_1_111' title='bbox 1485 1363 1800 1436; x_wconf 86' lang='lat' dir='ltr'>Austriaci</span> <span class='ocrx_word' id='word_1_112' title='bbox 1821 1369 2189 1463; x_wconf 85' lang='lat' dir='ltr'>principes,</span> <span class='ocrx_word' id='word_1_113' title='bbox 2238 1383 2345 1435; x_wconf 71' lang='lat' dir='ltr'>tuo</span> 
     </span>
    </p>

    <p class='ocr_par' dir='ltr' id='par_1_6' title="bbox 173 1456 2343 1557">
     <span class='ocr_line' id='line_1_14' title="bbox 173 1456 2343 1557; baseline -0.002 -24"><span class='ocrx_word' id='word_1_114' title='bbox 173 1461 323 1533; x_wconf 81' lang='lat' dir='ltr'>telae</span> <span class='ocrx_word' id='word_1_115' title='bbox 358 1474 612 1531; x_wconf 84' lang='lat' dir='ltr'>tantum</span> <span class='ocrx_word' id='word_1_116' title='bbox 644 1478 821 1530; x_wconf 83' lang='lat' dir='ltr'>vetus</span> <span class='ocrx_word' id='word_1_117' title='bbox 859 1461 1178 1529; x_wconf 85' lang='lat' dir='ltr'>comitum</span> <span class='ocrx_word' id='word_1_118' title='bbox 1234 1456 1668 1530; x_wconf 83' lang='lat' dir='ltr'>Alostenfium</span> <span class='ocrx_word' id='word_1_119' title='bbox 1698 1460 1808 1555; x_wconf 87' lang='lat' dir='ltr'>jus</span> <span class='ocrx_word' id='word_1_120' title='bbox 1852 1456 2299 1557; x_wconf 71' lang='lat' dir='ltr'>usurpaverant</span> <span class='ocrx_word' id='word_1_121' title='bbox 2319 1486 2343 1529; x_wconf 74' lang='lat' dir='ltr'>r</span> 
     </span>
    </p>

    <p class='ocr_par' dir='ltr' id='par_1_7' title="bbox 174 1550 2667 2216">
     <span class='ocr_line' id='line_1_15' title="bbox 174 1550 2663 1664; baseline -0.002 -35"><span class='ocrx_word' id='word_1_122' title='bbox 174 1580 261 1629; x_wconf 89' lang='lat' dir='ltr'>eo</span> <span class='ocrx_word' id='word_1_123' title='bbox 312 1576 395 1625; x_wconf 87' lang='lat' dir='ltr'>ue</span> <span class='ocrx_word' id='word_1_124' title='bbox 428 1550 638 1627; x_wconf 85' lang='lat' dir='ltr'>titulo·</span> <span class='ocrx_word' id='word_1_125' title='bbox 660 1550 940 1625; x_wconf 85' lang='lat' dir='ltr'>Carolus</span> <span class='ocrx_word' id='word_1_126' title='bbox 969 1556 1323 1650; x_wconf 85' lang='lat' dir='ltr'>imperator</span> <span class='ocrx_word' id='word_1_127' title='bbox 1358 1574 1572 1623; x_wconf 82' lang='lat' dir='ltr'>arcem</span> <span class='ocrx_word' id='word_1_128' title='bbox 1594 1551 1982 1664; x_wconf 85' lang='lat' dir='ltr'>imposuerat</span> <span class='ocrx_word' id='word_1_129' title='bbox 2014 1555 2158 1626; x_wconf 88' lang='lat' dir='ltr'>urbi</span> <span class='ocrx_word' id='word_1_130' title='bbox 2189 1607 2211 1641; x_wconf 93' lang='lat'>,</span> <span class='ocrx_word' id='word_1_131' title='bbox 2256 1574 2339 1624; x_wconf 84' lang='lat' dir='ltr'>ne</span> <span class='ocrx_word' id='word_1_132' title='bbox 2653 1645 2663 1651; x_wconf 33' lang='lat'>‚</span> 
     </span>
     <span class='ocr_line' id='line_1_16' title="bbox 179 1642 2667 1738; baseline -0.003 -16"><span class='ocrx_word' id='word_1_133' title='bbox 179 1649 264 1722; x_wconf 85' lang='lat' dir='ltr'>ad</span> <span class='ocrx_word' id='word_1_134' title='bbox 341 1669 569 1723; x_wconf 67' lang='lat' dir='ltr'>raneos</span> <span class='ocrx_word' id='word_1_135' title='bbox 611 1650 846 1719; x_wconf 85' lang='lat' dir='ltr'>iterum</span> <span class='ocrx_word' id='word_1_136' title='bbox 883 1645 1214 1718; x_wconf 88' lang='lat' dir='ltr'>deficeret.</span> <span class='ocrx_word' id='word_1_137' title='bbox 1267 1646 1397 1717; x_wconf 89' lang='lat' dir='ltr'>Sed</span> <span class='ocrx_word' id='word_1_138' title='bbox 1432 1647 1589 1738; x_wconf 83' lang='lat' dir='ltr'>juris</span> <span class='ocrx_word' id='word_1_139' title='bbox 1630 1646 1966 1719; x_wconf 51' lang='lat' dir='ltr'>¹discrimen</span> <span class='ocrx_word' id='word_1_140' title='bbox 2001 1648 2335 1719; x_wconf 80' lang='lat' dir='ltr'>Fontanus</span> <span class='ocrx_word' id='word_1_141' title='bbox 2427 1642 2667 1704; x_wconf 56' lang='lat' dir='ltr'>lidum*</span> 
     </span>
     <span class='ocr_line' id='line_1_17' title="bbox 181 1719 2646 1861; baseline -0.002 -46"><span class='ocrx_word' id='word_1_142' title='bbox 181 1760 420 1839; x_wconf 71' lang='lat' dir='ltr'>armata</span> <span class='ocrx_word' id='word_1_143' title='bbox 457 1741 771 1840; x_wconf 73' lang='lat' dir='ltr'>potestate</span> <span class='ocrx_word' id='word_1_144' title='bbox 806 1740 1105 1827; x_wconf 84' lang='lat' dir='ltr'>rescidit,</span> <span class='ocrx_word' id='word_1_145' title='bbox 1158 1744 1235 1809; x_wconf 78' lang='grc' dir='ltr'>δι</span> <span class='ocrx_word' id='word_1_146' title='bbox 1268 1739 1482 1835; x_wconf 85' lang='lat' dir='ltr'>Philip</span> <span class='ocrx_word' id='word_1_147' title='bbox 1597 1760 1671 1811; x_wconf 87' lang='lat' dir='ltr'>ut</span> <span class='ocrx_word' id='word_1_148' title='bbox 1706 1745 1987 1839; x_wconf 86' lang='lat' dir='ltr'>principi</span> <span class='ocrx_word' id='word_1_149' title='bbox 1995 1744 2196 1837; x_wconf 83' lang='lat' dir='ltr'>jurari</span> <span class='ocrx_word' id='word_1_150' title='bbox 2215 1744 2336 1812; x_wconf 77' lang='lat' dir='ltr'>im·</span> <span class='ocrx_word' id='word_1_151' title='bbox 2370 1719 2646 1861; x_wconf 48' lang='grc' dir='ltr'>ξῆζζῇ</span> 
     </span>
     <span class='ocr_line' id='line_1_18' title="bbox 181 1833 2603 1938; baseline -0.003 -28"><span class='ocrx_word' id='word_1_152' title='bbox 181 1841 427 1938; x_wconf 83' lang='lat' dir='ltr'>peravit</span> <span class='ocrx_word' id='word_1_153' title='bbox 453 1890 475 1924; x_wconf 92' lang='lat'>,</span> <span class='ocrx_word' id='word_1_154' title='bbox 519 1839 607 1906; x_wconf 86' lang='lat' dir='ltr'>ita</span> <span class='ocrx_word' id='word_1_155' title='bbox 623 1855 775 1907; x_wconf 89' lang='lat' dir='ltr'>ante</span> <span class='ocrx_word' id='word_1_156' title='bbox 807 1833 1131 1907; x_wconf 85' lang='lat' dir='ltr'>obfidium</span> <span class='ocrx_word' id='word_1_157' title='bbox 1165 1840 1438 1906; x_wconf 81' lang='lat' dir='ltr'>conveni</span> <span class='ocrx_word' id='word_1_158' title='bbox 1494 1855 1532 1904; x_wconf 88' lang='lat' dir='ltr'>e</span> <span class='ocrx_word' id='word_1_159' title='bbox 1564 1834 1821 1906; x_wconf 58' lang='lat' dir='ltr'>dianus</span> <span class='ocrx_word' id='word_1_160' title='bbox 1856 1858 2008 1905; x_wconf 90' lang='lat' dir='ltr'>cum</span> <span class='ocrx_word' id='word_1_161' title='bbox 2042 1834 2333 1907; x_wconf 84' lang='lat' dir='ltr'>Ludovi-</span> <span class='ocrx_word' id='word_1_162' title='bbox 2398 1860 2406 1869; x_wconf 89' lang='lat'><strong>·</strong></span> <span class='ocrx_word' id='word_1_163' title='bbox 2541 1844 2603 1916; x_wconf 52' lang='lat' dir='ltr'>,a</span> 
     </span>
     <span class='ocr_line' id='line_1_19' title="bbox 178 1924 2665 2014; baseline 0.002 -10"><span class='ocrx_word' id='word_1_164' title='bbox 178 1957 268 2004; x_wconf 92' lang='lat' dir='ltr'>co</span> <span class='ocrx_word' id='word_1_165' title='bbox 284 1930 751 2007; x_wconf 73' lang='lat' dir='ltr'>Barlaemontio</span> <span class='ocrx_word' id='word_1_166' title='bbox 792 1928 971 2000; x_wconf 86' lang='lat' dir='ltr'>urbis</span> <span class='ocrx_word' id='word_1_167' title='bbox 1005 1926 1286 1999; x_wconf 87' lang='lat' dir='ltr'>antistite</span> <span class='ocrx_word' id='word_1_168' title='bbox 1306 1980 1328 2014; x_wconf 90' lang='lat'>,</span> <span class='ocrx_word' id='word_1_169' title='bbox 1377 1948 1449 2001; x_wconf 89' lang='lat' dir='ltr'>ut</span> <span class='ocrx_word' id='word_1_170' title='bbox 1488 1924 1659 1999; x_wconf 85' lang='lat' dir='ltr'>sacta</span> <span class='ocrx_word' id='word_1_171' title='bbox 1690 1928 2031 1999; x_wconf 68' lang='lat' dir='ltr'>¹funfflone</span> <span class='ocrx_word' id='word_1_172' title='bbox 2067 1948 2340 2000; x_wconf 89' lang='lat' dir='ltr'>conten·</span> <span class='ocrx_word' id='word_1_173' title='bbox 2368 1942 2425 2006; x_wconf 58' lang='grc' dir='ltr'>θ’</span> <span class='ocrx_word' id='word_1_174' title='bbox 2506 1930 2561 2006; x_wconf 77' lang='lat' dir='ltr'>&#39;P‘&#39;</span> <span class='ocrx_word' id='word_1_175' title='bbox 2581 1931 2665 2011; x_wconf 73' lang='lat' dir='ltr'>ju·</span> 
     </span>
     <span class='ocr_line' id='line_1_20' title="bbox 178 2014 2633 2121; baseline -0.002 -24"><span class='ocrx_word' id='word_1_176' title='bbox 178 2027 408 2119; x_wconf 84' lang='lat' dir='ltr'>tusjus</span> <span class='ocrx_word' id='word_1_177' title='bbox 429 2027 683 2116; x_wconf 84' lang='lat' dir='ltr'>imperii</span> <span class='ocrx_word' id='word_1_178' title='bbox 717 2076 740 2109; x_wconf 85' lang='lat'>,</span> <span class='ocrx_word' id='word_1_179' title='bbox 835 2020 972 2093; x_wconf 93' lang='lat' dir='ltr'>uod</span> <span class='ocrx_word' id='word_1_180' title='bbox 1018 2025 1092 2090; x_wconf 77' lang='grc' dir='ltr'>δε</span> <span class='ocrx_word' id='word_1_181' title='bbox 1130 2016 1333 2117; x_wconf 87' lang='lat' dir='ltr'>ipsum</span> <span class='ocrx_word' id='word_1_182' title='bbox 1355 2019 1814 2121; x_wconf 86' lang='lat' dir='ltr'>episcoporum</span> <span class='ocrx_word' id='word_1_183' title='bbox 1857 2022 1971 2093; x_wconf 87' lang='lat' dir='ltr'>sub</span> <span class='ocrx_word' id='word_1_184' title='bbox 1990 2025 2343 2095; x_wconf 78' lang='lat' dir='ltr'>reverentia</span> <span class='ocrx_word' id='word_1_185' title='bbox 2374 2014 2633 2076; x_wconf 56' lang='lat'>&#39;‘¹⁶⁰8“</span> 
     </span>
     <span class='ocr_line' id='line_1_21' title="bbox 180 2111 2344 2216; baseline -0.002 -24"><span class='ocrx_word' id='word_1_186' title='bbox 180 2120 600 2192; x_wconf 82' lang='lat' dir='ltr'>Germanicae</span> <span class='ocrx_word' id='word_1_187' title='bbox 628 2118 752 2213; x_wconf 85' lang='lat' dir='ltr'>maj</span> <span class='ocrx_word' id='word_1_188' title='bbox 886 2118 969 2185; x_wconf 85' lang='lat' dir='ltr'>tis</span> <span class='ocrx_word' id='word_1_189' title='bbox 1003 2113 1212 2185; x_wconf 83' lang='lat' dir='ltr'>fuerat</span> <span class='ocrx_word' id='word_1_190' title='bbox 1248 2167 1269 2201; x_wconf 92' lang='lat'>,</span> <span class='ocrx_word' id='word_1_191' title='bbox 1315 2114 1610 2216; x_wconf 80' lang='lat' dir='ltr'>Hispano</span> <span class='ocrx_word' id='word_1_192' title='bbox 1651 2111 2114 2203; x_wconf 67' lang='lat' dir='ltr'>transcriberet.</span> <span class='ocrx_word' id='word_1_193' title='bbox 2196 2119 2344 2188; x_wconf 86' lang='lat' dir='ltr'>Ne-</span> 
     </span>
    </p>

    <p class='ocr_par' dir='ltr' id='par_1_8' title="bbox 179 2209 2676 2784">
     <span class='ocr_line' id='line_1_22' title="bbox 179 2209 2676 2310; baseline 0 -28"><span class='ocrx_word' id='word_1_194' title='bbox 179 2234 320 2310; x_wconf 89' lang='lat' dir='ltr'>que</span> <span class='ocrx_word' id='word_1_195' title='bbox 357 2228 574 2280; x_wconf 89' lang='lat' dir='ltr'>tamen</span> <span class='ocrx_word' id='word_1_196' title='bbox 627 2211 1119 2282; x_wconf 81' lang='lat' dir='ltr'>Barlaemontius</span> <span class='ocrx_word' id='word_1_197' title='bbox 1171 2212 1368 2305; x_wconf 81' lang='lat' dir='ltr'>etiam</span> <span class='ocrx_word' id='word_1_198' title='bbox 1421 2209 1566 2309; x_wconf 80' lang='lat' dir='ltr'>post</span> <span class='ocrx_word' id='word_1_199' title='bbox 1613 2209 1855 2281; x_wconf 71' lang='lat' dir='ltr'>dietum</span> <span class='ocrx_word' id='word_1_200' title='bbox 1891 2211 1962 2283; x_wconf 87' lang='lat' dir='ltr'>id</span> <span class='ocrx_word' id='word_1_201' title='bbox 1995 2210 2340 2284; x_wconf 84' lang='lat' dir='ltr'>sacramen-</span> <span class='ocrx_word' id='word_1_202' title='bbox 2380 2215 2676 2300; x_wconf 61' lang='lat' dir='ltr'>l-frufiraqns</span> 
     </span>
     <span class='ocr_line' id='line_1_23' title="bbox 180 2300 2675 2405; baseline -0.001 -26"><span class='ocrx_word' id='word_1_203' title='bbox 180 2329 325 2379; x_wconf 86' lang='lat' dir='ltr'>turn</span> <span class='ocrx_word' id='word_1_204' title='bbox 351 2303 595 2376; x_wconf 87' lang='lat' dir='ltr'>destitit</span> <span class='ocrx_word' id='word_1_205' title='bbox 628 2329 863 2402; x_wconf 82' lang='lat' dir='ltr'>negare</span> <span class='ocrx_word' id='word_1_206' title='bbox 897 2304 1155 2401; x_wconf 62' lang='lat' dir='ltr'>pactum</span> <span class='ocrx_word' id='word_1_207' title='bbox 1180 2358 1203 2391; x_wconf 94' lang='lat'>,</span> <span class='ocrx_word' id='word_1_208' title='bbox 1252 2307 1444 2400; x_wconf 84' lang='lat' dir='ltr'>&amp;jus</span> <span class='ocrx_word' id='word_1_209' title='bbox 1477 2308 1816 2402; x_wconf 87' lang='lat' dir='ltr'>antiquum</span> <span class='ocrx_word' id='word_1_210' title='bbox 1837 2328 2126 2405; x_wconf 88' lang='lat' dir='ltr'>repetere</span> <span class='ocrx_word' id='word_1_211' title='bbox 2150 2360 2170 2395; x_wconf 94' lang='lat'><strong>‚</strong></span> <span class='ocrx_word' id='word_1_212' title='bbox 2220 2331 2335 2378; x_wconf 88' lang='lat' dir='ltr'>an·-</span> <span class='ocrx_word' id='word_1_213' title='bbox 2378 2302 2575 2363; x_wconf 71' lang='lat' dir='ltr'>nquam</span> <span class='ocrx_word' id='word_1_214' title='bbox 2589 2300 2675 2362; x_wconf 75' lang='lat'>1⁶⁴⁴</span> 
     </span>
     <span class='ocr_line' id='line_1_24' title="bbox 182 2373 2675 2510; baseline -0.002 -36"><span class='ocrx_word' id='word_1_215' title='bbox 182 2400 543 2475; x_wconf 87' lang='lat' dir='ltr'>nitentibus</span> <span class='ocrx_word' id='word_1_216' title='bbox 581 2400 929 2510; x_wconf 84' lang='lat' dir='ltr'>oppidanis</span> <span class='ocrx_word' id='word_1_217' title='bbox 969 2453 990 2487; x_wconf 93' lang='lat'>,</span> <span class='ocrx_word' id='word_1_218' title='bbox 1037 2397 1261 2472; x_wconf 83' lang='lat' dir='ltr'>labore</span> <span class='ocrx_word' id='word_1_219' title='bbox 1294 2400 1484 2471; x_wconf 88' lang='lat' dir='ltr'>irrito</span> <span class='ocrx_word' id='word_1_220' title='bbox 1527 2405 1604 2471; x_wconf 75' lang='grc' dir='ltr'>δε</span> <span class='ocrx_word' id='word_1_221' title='bbox 1643 2400 1800 2472; x_wconf 88' lang='lat' dir='ltr'>nihil</span> <span class='ocrx_word' id='word_1_222' title='bbox 1841 2423 2075 2499; x_wconf 84' lang='lat' dir='ltr'>praeter</span> <span class='ocrx_word' id='word_1_223' title='bbox 2104 2402 2335 2474; x_wconf 91' lang='lat' dir='ltr'>odium</span> <span class='ocrx_word' id='word_1_224' title='bbox 2376 2373 2675 2491; x_wconf 35' lang='lat' dir='ltr'>mma</span> 
     </span>
     <span class='ocr_line' id='line_1_25' title="bbox 187 2493 2502 2595; baseline -0.001 -28"><span class='ocrx_word' id='word_1_225' title='bbox 187 2499 475 2591; x_wconf 77' lang='lat' dir='ltr'>utrisque</span> <span class='ocrx_word' id='word_1_226' title='bbox 556 2516 809 2569; x_wconf 76' lang='lat' dir='ltr'>arituro</span> <span class='ocrx_word' id='word_1_227' title='bbox 861 2519 881 2564; x_wconf 89' lang='lat'><strong>:</strong></span> <span class='ocrx_word' id='word_1_228' title='bbox 928 2518 1078 2565; x_wconf 90' lang='lat' dir='ltr'>nam</span> <span class='ocrx_word' id='word_1_229' title='bbox 1099 2499 1173 2565; x_wconf 89' lang='lat'>&amp;</span> <span class='ocrx_word' id='word_1_230' title='bbox 1193 2518 1305 2565; x_wconf 84' lang='lat' dir='ltr'>arx</span> <span class='ocrx_word' id='word_1_231' title='bbox 1329 2497 1404 2563; x_wconf 89' lang='lat'>&amp;</span> <span class='ocrx_word' id='word_1_232' title='bbox 1437 2497 1685 2592; x_wconf 80' lang='lat' dir='ltr'>injuriae</span> <span class='ocrx_word' id='word_1_233' title='bbox 1718 2493 1975 2568; x_wconf 87' lang='lat' dir='ltr'>licentia</span> <span class='ocrx_word' id='word_1_234' title='bbox 1995 2520 2197 2595; x_wconf 87' lang='lat' dir='ltr'>penes</span> <span class='ocrx_word' id='word_1_235' title='bbox 2213 2498 2339 2567; x_wconf 84' lang='lat' dir='ltr'>Hi·</span> <span class='ocrx_word' id='word_1_236' title='bbox 2366 2500 2502 2578; x_wconf 58' lang='lat' dir='ltr'>fiko.</span> 
     </span>
     <span class='ocr_line' id='line_1_26' title="bbox 185 2588 2477 2688; baseline -0.003 -26"><span class='ocrx_word' id='word_1_237' title='bbox 185 2589 414 2688; x_wconf 81' lang='lat' dir='ltr'>spanos</span> <span class='ocrx_word' id='word_1_238' title='bbox 439 2613 505 2661; x_wconf 87' lang='lat' dir='ltr'>m</span> <span class='ocrx_word' id='word_1_239' title='bbox 552 2591 672 2662; x_wconf 88' lang='lat' dir='ltr'>ites</span> <span class='ocrx_word' id='word_1_240' title='bbox 690 2610 871 2677; x_wconf 87' lang='lat' dir='ltr'>erat,</span> <span class='ocrx_word' id='word_1_241' title='bbox 913 2608 1057 2687; x_wconf 85' lang='lat' dir='ltr'>quo</span> <span class='ocrx_word' id='word_1_242' title='bbox 1079 2588 1320 2660; x_wconf 72' lang='lat' dir='ltr'>sachun</span> <span class='ocrx_word' id='word_1_243' title='bbox 1354 2610 1427 2659; x_wconf 86' lang='lat' dir='ltr'>ut</span> <span class='ocrx_word' id='word_1_244' title='bbox 1446 2591 1791 2662; x_wconf 87' lang='lat' dir='ltr'>lintearian</span> <span class='ocrx_word' id='word_1_245' title='bbox 1923 2595 2154 2678; x_wconf 88' lang='lat' dir='ltr'>tiatio,</span> <span class='ocrx_word' id='word_1_246' title='bbox 2180 2612 2345 2688; x_wconf 58' lang='lat' dir='ltr'>praea-</span> <span class='ocrx_word' id='word_1_247' title='bbox 2419 2607 2422 2611; x_wconf 66' lang='grc'>“</span> <span class='ocrx_word' id='word_1_248' title='bbox 2471 2649 2477 2656; x_wconf 82' lang='grc'><strong>.</strong></span> 
     </span>
     <span class='ocr_line' id='line_1_27' title="bbox 186 2680 2445 2784; baseline 0.001 -30"><span class='ocrx_word' id='word_1_249' title='bbox 186 2688 415 2781; x_wconf 87' lang='lat' dir='ltr'>cipuus</span> <span class='ocrx_word' id='word_1_250' title='bbox 451 2680 595 2753; x_wconf 84' lang='lat' dir='ltr'>urbi</span> <span class='ocrx_word' id='word_1_251' title='bbox 632 2684 904 2780; x_wconf 79' lang='lat' dir='ltr'>quaestus</span> <span class='ocrx_word' id='word_1_252' title='bbox 932 2738 953 2771; x_wconf 92' lang='lat'>,</span> <span class='ocrx_word' id='word_1_253' title='bbox 975 2687 1370 2784; x_wconf 80' lang='lat' dir='ltr'>propinqua</span> <span class='ocrx_word' id='word_1_254' title='bbox 1407 2687 1476 2755; x_wconf 89' lang='lat' dir='ltr'>in</span> <span class='ocrx_word' id='word_1_255' title='bbox 1511 2681 1758 2780; x_wconf 88' lang='lat' dir='ltr'>oppida</span> <span class='ocrx_word' id='word_1_256' title='bbox 1852 2685 2144 2777; x_wconf 71' lang='lat' dir='ltr'>ifflueret.</span> <span class='ocrx_word' id='word_1_257' title='bbox 2211 2684 2347 2768; x_wconf 54' lang='lat' dir='ltr'>Eat-e</span> <span class='ocrx_word' id='word_1_258' title='bbox 2438 2693 2445 2700; x_wconf 86' lang='lat'>&#39;</span> 
     </span>
    </p>

    <p class='ocr_par' dir='ltr' id='par_1_9' title="bbox 187 2776 2550 3170">
     <span class='ocr_line' id='line_1_28' title="bbox 187 2776 2550 2864; baseline -0 -15"><span class='ocrx_word' id='word_1_259' title='bbox 187 2784 357 2849; x_wconf 83' lang='lat' dir='ltr'>orati</span> <span class='ocrx_word' id='word_1_260' title='bbox 379 2778 740 2849; x_wconf 85' lang='lat' dir='ltr'>aFontano</span> <span class='ocrx_word' id='word_1_261' title='bbox 781 2778 926 2850; x_wconf 88' lang='lat' dir='ltr'>Itali</span> <span class='ocrx_word' id='word_1_262' title='bbox 947 2800 1020 2849; x_wconf 90' lang='lat' dir='ltr'>ut</span> <span class='ocrx_word' id='word_1_263' title='bbox 1057 2776 1314 2851; x_wconf 83' lang='lat' dir='ltr'>obfidio</span> <span class='ocrx_word' id='word_1_264' title='bbox 1351 2777 1718 2850; x_wconf 65' lang='lat' dir='ltr'>adsisterent</span> <span class='ocrx_word' id='word_1_265' title='bbox 1741 2830 1764 2864; x_wconf 93' lang='lat'>,</span> <span class='ocrx_word' id='word_1_266' title='bbox 1812 2801 1959 2850; x_wconf 87' lang='lat' dir='ltr'>cum</span> <span class='ocrx_word' id='word_1_267' title='bbox 1982 2778 2236 2852; x_wconf 80' lang='lat' dir='ltr'>urbeca</span> <span class='ocrx_word' id='word_1_268' title='bbox 2283 2797 2351 2849; x_wconf 82' lang='lat' dir='ltr'>ta</span> <span class='ocrx_word' id='word_1_269' title='bbox 2428 2843 2431 2846; x_wconf 88' lang='lat'>.</span> <span class='ocrx_word' id='word_1_270' title='bbox 2544 2843 2550 2848; x_wconf 85' lang='lat'><em>.</em></span> 
     </span>
     <span class='ocr_line' id='line_1_29' title="bbox 189 2869 2405 2970; baseline 0 -26"><span class='ocrx_word' id='word_1_271' title='bbox 189 2869 638 2970; x_wconf 85' lang='lat' dir='ltr'>poffidendum</span> <span class='ocrx_word' id='word_1_272' title='bbox 677 2869 760 2942; x_wconf 89' lang='lat' dir='ltr'>ad</span> <span class='ocrx_word' id='word_1_273' title='bbox 790 2872 1263 2943; x_wconf 84' lang='lat' dir='ltr'>Tilemontium</span> <span class='ocrx_word' id='word_1_274' title='bbox 1304 2871 1792 2970; x_wconf 82' lang='lat' dir='ltr'>regrederentur</span> <span class='ocrx_word' id='word_1_275' title='bbox 1814 2925 1836 2959; x_wconf 95' lang='lat'>,</span> <span class='ocrx_word' id='word_1_276' title='bbox 1883 2875 1952 2944; x_wconf 87' lang='lat' dir='ltr'>in</span> <span class='ocrx_word' id='word_1_277' title='bbox 1975 2874 2200 2946; x_wconf 86' lang='lat' dir='ltr'>obvias</span> <span class='ocrx_word' id='word_1_278' title='bbox 2316 2910 2353 2927; x_wconf 86' lang='lat'>-·</span> <span class='ocrx_word' id='word_1_279' title='bbox 2400 2959 2405 2968; x_wconf 64' lang='lat'>,</span> 
     </span>
     <span class='ocr_line' id='line_1_30' title="bbox 188 2964 2352 3062; baseline 0.001 -24"><span class='ocrx_word' id='word_1_280' title='bbox 188 2985 490 3038; x_wconf 85' lang='lat' dir='ltr'>tavorum</span> <span class='ocrx_word' id='word_1_281' title='bbox 526 2986 768 3037; x_wconf 86' lang='lat' dir='ltr'>turmas</span> <span class='ocrx_word' id='word_1_282' title='bbox 809 2966 1066 3037; x_wconf 87' lang='lat' dir='ltr'>fortiter</span> <span class='ocrx_word' id='word_1_283' title='bbox 1104 2970 1328 3037; x_wconf 89' lang='lat' dir='ltr'>coorti</span> <span class='ocrx_word' id='word_1_284' title='bbox 1362 3019 1384 3051; x_wconf 88' lang='lat'>,</span> <span class='ocrx_word' id='word_1_285' title='bbox 1431 2987 1570 3036; x_wconf 89' lang='lat' dir='ltr'>tum</span> <span class='ocrx_word' id='word_1_286' title='bbox 1608 2969 1892 3062; x_wconf 88' lang='lat' dir='ltr'>primum</span> <span class='ocrx_word' id='word_1_287' title='bbox 1930 2964 2132 3038; x_wconf 85' lang='lat' dir='ltr'>fidem</span> <span class='ocrx_word' id='word_1_288' title='bbox 2169 2966 2352 3040; x_wconf 75' lang='lat' dir='ltr'>bello</span> 
     </span>
     <span class='ocr_line' id='line_1_31' title="bbox 191 3058 2352 3170; baseline 0.001 -41"><span class='ocrx_word' id='word_1_289' title='bbox 191 3059 567 3170; x_wconf 68' lang='lat' dir='ltr'>praestitere.</span> <span class='ocrx_word' id='word_1_290' title='bbox 634 3062 766 3132; x_wconf 88' lang='lat' dir='ltr'>Sed</span> <span class='ocrx_word' id='word_1_291' title='bbox 803 3064 1211 3131; x_wconf 79' lang='lat' dir='ltr'>Mauritiauis</span> <span class='ocrx_word' id='word_1_292' title='bbox 1246 3058 1536 3154; x_wconf 87' lang='lat' dir='ltr'>equestre</span> <span class='ocrx_word' id='word_1_293' title='bbox 1571 3060 1767 3131; x_wconf 84' lang='lat' dir='ltr'>decus</span> <span class='ocrx_word' id='word_1_294' title='bbox 1815 3080 2175 3156; x_wconf 83' lang='lat' dir='ltr'>reparatum</span> <span class='ocrx_word' id='word_1_295' title='bbox 2211 3059 2303 3131; x_wconf 89' lang='lat' dir='ltr'>est</span> <span class='ocrx_word' id='word_1_296' title='bbox 2328 3105 2352 3145; x_wconf 77' lang='lat'>‚</span> 
     </span>
    </p>

    <p class='ocr_par' dir='ltr' id='par_1_10' title="bbox 190 3150 2356 3253">
     <span class='ocr_line' id='line_1_32' title="bbox 190 3150 2356 3253; baseline -0.002 -27"><span class='ocrx_word' id='word_1_297' title='bbox 190 3164 439 3251; x_wconf 73' lang='lat' dir='ltr'>irrupta</span> <span class='ocrx_word' id='word_1_298' title='bbox 469 3158 718 3228; x_wconf 83' lang='lat' dir='ltr'>Wartia</span> <span class='ocrx_word' id='word_1_299' title='bbox 756 3156 928 3252; x_wconf 89' lang='lat' dir='ltr'>apud</span> <span class='ocrx_word' id='word_1_300' title='bbox 965 3150 1375 3225; x_wconf 72' lang='lat' dir='ltr'>Hornenlem</span> <span class='ocrx_word' id='word_1_301' title='bbox 1407 3157 1786 3223; x_wconf 85' lang='lat' dir='ltr'>comitatum</span> <span class='ocrx_word' id='word_1_302' title='bbox 1819 3154 2073 3253; x_wconf 89' lang='lat' dir='ltr'>oppido</span> <span class='ocrx_word' id='word_1_303' title='bbox 2096 3208 2118 3240; x_wconf 88' lang='lat'>‚</span> <span class='ocrx_word' id='word_1_304' title='bbox 2167 3156 2356 3224; x_wconf 67' lang='lat' dir='ltr'>Heri»</span> 
     </span>
    </p>

    <p class='ocr_par' dir='ltr' id='par_1_11' title="bbox 47 3243 2359 3535">
     <span class='ocr_line' id='line_1_33' title="bbox 193 3243 2355 3341; baseline -0.002 -22"><span class='ocrx_word' id='word_1_305' title='bbox 193 3253 370 3319; x_wconf 83' lang='lat' dir='ltr'>ricus</span> <span class='ocrx_word' id='word_1_306' title='bbox 409 3249 523 3321; x_wconf 88' lang='lat' dir='ltr'>ubi</span> <span class='ocrx_word' id='word_1_307' title='bbox 579 3253 894 3320; x_wconf 86' lang='lat' dir='ltr'>comitum</span> <span class='ocrx_word' id='word_1_308' title='bbox 941 3243 1567 3341; x_wconf 83' lang='lat' dir='ltr'>Herenbergenfium</span> <span class='ocrx_word' id='word_1_309' title='bbox 1631 3268 1793 3316; x_wconf 82' lang='lat' dir='ltr'>unus</span> <span class='ocrx_word' id='word_1_310' title='bbox 1842 3251 1913 3317; x_wconf 91' lang='lat' dir='ltr'>in</span> <span class='ocrx_word' id='word_1_311' title='bbox 2064 3246 2355 3318; x_wconf 59' lang='lat' dir='ltr'>testantem</span> 
     </span>
     <span class='ocr_line' id='line_1_34' title="bbox 92 3338 2359 3440; baseline -0.003 -24"><span class='ocrx_word' id='word_1_312' title='bbox 92 3373 104 3386; x_wconf 80' lang='grc'><em>·</em></span> <span class='ocrx_word' id='word_1_313' title='bbox 195 3346 373 3416; x_wconf 88' lang='lat' dir='ltr'>venit</span> <span class='ocrx_word' id='word_1_314' title='bbox 420 3367 439 3411; x_wconf 73' lang='grc' dir='ltr'><strong><em>ε</em></strong></span> <span class='ocrx_word' id='word_1_315' title='bbox 489 3342 723 3413; x_wconf 89' lang='lat' dir='ltr'>deinde</span> <span class='ocrx_word' id='word_1_316' title='bbox 738 3342 889 3416; x_wconf 83' lang='lat' dir='ltr'>fufis</span> <span class='ocrx_word' id='word_1_317' title='bbox 907 3357 1391 3413; x_wconf 85' lang='lat' dir='ltr'>commeatuum</span> <span class='ocrx_word' id='word_1_318' title='bbox 1407 3339 1732 3440; x_wconf 72' lang='lat' dir='ltr'>praefidiis.</span> <span class='ocrx_word' id='word_1_319' title='bbox 1782 3340 1915 3428; x_wconf 83' lang='lat' dir='ltr'>Sed</span> <span class='ocrx_word' id='word_1_320' title='bbox 2025 3346 2185 3410; x_wconf 81' lang='lat' dir='ltr'>attia</span> <span class='ocrx_word' id='word_1_321' title='bbox 2208 3338 2359 3410; x_wconf 86' lang='lat' dir='ltr'>lon·-</span> 
     </span>
     <span class='ocr_line' id='line_1_35' title="bbox 47 3432 2358 3535; baseline -0.001 -30"><span class='ocrx_word' id='word_1_322' title='bbox 47 3451 48 3462; x_wconf 74' lang='grc'>’</span> <span class='ocrx_word' id='word_1_323' title='bbox 155 3461 158 3464; x_wconf 62' lang='grc'><strong><em>’</em></strong></span> <span class='ocrx_word' id='word_1_324' title='bbox 247 3434 663 3508; x_wconf 83' lang='lat' dir='ltr'>iusafmibus</span> <span class='ocrx_word' id='word_1_325' title='bbox 671 3436 1157 3535; x_wconf 74' lang='lat' dir='ltr'>jacens‘deserta</span> <span class='ocrx_word' id='word_1_326' title='bbox 1176 3440 1432 3506; x_wconf 89' lang='lat' dir='ltr'>iterum.</span> <span class='ocrx_word' id='word_1_327' title='bbox 1480 3437 1574 3504; x_wconf 90' lang='lat' dir='ltr'>At</span> <span class='ocrx_word' id='word_1_328' title='bbox 1589 3432 2182 3529; x_wconf 85' lang='lat' dir='ltr'>Herau&#39;gerius,usu</span> <span class='ocrx_word' id='word_1_329' title='bbox 2200 3432 2358 3503; x_wconf 84' lang='lat' dir='ltr'>edo·</span> 
     </span>
    </p>

    <p class='ocr_par' dir='ltr' id='par_1_12' title="bbox 193 3456 2359 3628">
     <span class='ocr_line' id='line_1_36' title="bbox 193 3456 2359 3628; baseline -0.003 -27"><span class='ocrx_word' id='word_1_330' title='bbox 193 3456 341 3601; x_wconf 52' lang='lat' dir='ltr'>{us</span> <span class='ocrx_word' id='word_1_331' title='bbox 377 3529 969 3628; x_wconf 71' lang='lat' dir='ltr'>multa‘experienti</span> <span class='ocrx_word' id='word_1_332' title='bbox 1014 3531 1333 3601; x_wconf 87' lang='lat' dir='ltr'>interdum</span> <span class='ocrx_word' id='word_1_333' title='bbox 1373 3525 1586 3601; x_wconf 80' lang='lat' dir='ltr'>adeffe</span> <span class='ocrx_word' id='word_1_334' title='bbox 1619 3527 1946 3599; x_wconf 85' lang='lat' dir='ltr'>fortunam</span> <span class='ocrx_word' id='word_1_335' title='bbox 1982 3582 2004 3614; x_wconf 90' lang='lat'>,</span> <span class='ocrx_word' id='word_1_336' title='bbox 2050 3528 2359 3624; x_wconf 63' lang='lat' dir='ltr'>Hoiaejffi·</span> 
     </span>
    </p>

    <p class='ocr_par' dir='ltr' id='par_1_13' title="bbox 151 3621 2377 3911">
     <span class='ocr_line' id='line_1_37' title="bbox 199 3621 2377 3724; baseline -0 -31"><span class='ocrx_word' id='word_1_337' title='bbox 199 3624 448 3694; x_wconf 69' lang='lat' dir='ltr'>&amp;urain</span> <span class='ocrx_word' id='word_1_338' title='bbox 487 3629 638 3695; x_wconf 89' lang='lat' dir='ltr'>Lira</span> <span class='ocrx_word' id='word_1_339' title='bbox 672 3626 1044 3724; x_wconf 69' lang='lat' dir='ltr'>rependere⁸</span> <span class='ocrx_word' id='word_1_340' title='bbox 1058 3624 1564 3696; x_wconf 83' lang='lat' dir='ltr'>machinabatur.</span> <span class='ocrx_word' id='word_1_341' title='bbox 1658 3621 1736 3694; x_wconf 93' lang='lat' dir='ltr'>Id</span> <span class='ocrx_word' id='word_1_342' title='bbox 1777 3622 2093 3720; x_wconf 87' lang='lat' dir='ltr'>oppidum</span> <span class='ocrx_word' id='word_1_343' title='bbox 2125 3621 2377 3718; x_wconf 65' lang='lat' dir='ltr'>Hispa·⁸</span> 
     </span>
     <span class='ocr_line' id='line_1_38' title="bbox 151 3713 2357 3817; baseline 0 -30"><span class='ocrx_word' id='word_1_344' title='bbox 151 3791 155 3797; x_wconf 17' lang='grc' dir='ltr'><strong>Δ</strong></span> <span class='ocrx_word' id='word_1_345' title='bbox 201 3723 303 3788; x_wconf 86' lang='lat' dir='ltr'>nis</span> <span class='ocrx_word' id='word_1_346' title='bbox 347 3719 682 3816; x_wconf 83' lang='lat' dir='ltr'>quondam</span> <span class='ocrx_word' id='word_1_347' title='bbox 726 3731 984 3817; x_wconf 83' lang='lat' dir='ltr'>captum</span> <span class='ocrx_word' id='word_1_348' title='bbox 1018 3718 1439 3817; x_wconf 66' lang='lat' dir='ltr'>proditione„</span> <span class='ocrx_word' id='word_1_349' title='bbox 1491 3723 1565 3788; x_wconf 75' lang='grc' dir='ltr'>δε</span> <span class='ocrx_word' id='word_1_350' title='bbox 1599 3713 1745 3808; x_wconf 67' lang='lat' dir='ltr'>fitis</span> <span class='ocrx_word' id='word_1_351' title='bbox 1767 3718 2008 3790; x_wconf 88' lang='lat' dir='ltr'>crudeli</span> <span class='ocrx_word' id='word_1_352' title='bbox 2044 3716 2311 3790; x_wconf 66' lang='lat' dir='ltr'>victoria</span> <span class='ocrx_word' id='word_1_353' title='bbox 2334 3764 2357 3806; x_wconf 80' lang='lat'>,</span> 
     </span>
     <span class='ocr_line' id='line_1_39' title="bbox 204 3809 2358 3911; baseline -0 -28"><span class='ocrx_word' id='word_1_354' title='bbox 204 3814 508 3907; x_wconf 31' lang='lat' dir='ltr'>Netham‘</span> <span class='ocrx_word' id='word_1_355' title='bbox 558 3816 642 3886; x_wconf 85' lang='lat' dir='ltr'>ad</span> <span class='ocrx_word' id='word_1_356' title='bbox 702 3813 1089 3888; x_wconf 78' lang='lat' dir='ltr'>amniculum</span> <span class='ocrx_word' id='word_1_357' title='bbox 1155 3809 1572 3911; x_wconf 79' lang='lat' dir='ltr'>Antverpiam</span> <span class='ocrx_word' id='word_1_358' title='bbox 1622 3810 2170 3909; x_wconf 78' lang='lat' dir='ltr'>Machliniamque</span> <span class='ocrx_word' id='word_1_359' title='bbox 2217 3834 2358 3882; x_wconf 90' lang='lat' dir='ltr'>me-</span> 
     </span>
    </p>

    <p class='ocr_par' dir='ltr' id='par_1_14' title="bbox 197 3901 2362 4264">
     <span class='ocr_line' id='line_1_40' title="bbox 204 3901 2360 4024; baseline 0 -47"><span class='ocrx_word' id='word_1_360' title='bbox 204 3901 460 3994; x_wconf 79' lang='lat' dir='ltr'>diofitu</span> <span class='ocrx_word' id='word_1_361' title='bbox 481 3909 811 4005; x_wconf 84' lang='lat' dir='ltr'>interjacet</span> <span class='ocrx_word' id='word_1_362' title='bbox 837 3964 857 3995; x_wconf 91' lang='lat'>‚</span> <span class='ocrx_word' id='word_1_363' title='bbox 907 3912 1288 4024; x_wconf 76' lang='lat' dir='ltr'>magnisque</span> <span class='ocrx_word' id='word_1_364' title='bbox 1319 3914 1591 3984; x_wconf 87' lang='lat' dir='ltr'>invicem</span> <span class='ocrx_word' id='word_1_365' title='bbox 1633 3906 1843 3979; x_wconf 87' lang='lat' dir='ltr'>ufibus</span> <span class='ocrx_word' id='word_1_366' title='bbox 1882 3906 2167 3979; x_wconf 85' lang='lat' dir='ltr'>miscent.</span> <span class='ocrx_word' id='word_1_367' title='bbox 2225 3911 2360 3977; x_wconf 85' lang='lat' dir='ltr'>Hie</span> 
     </span>
     <span class='ocr_line' id='line_1_41' title="bbox 201 4000 2362 4101; baseline -0.003 -29"><span class='ocrx_word' id='word_1_368' title='bbox 201 4024 403 4074; x_wconf 86' lang='lat' dir='ltr'>omne</span> <span class='ocrx_word' id='word_1_369' title='bbox 437 4007 503 4074; x_wconf 90' lang='lat' dir='ltr'>in</span> <span class='ocrx_word' id='word_1_370' title='bbox 538 4003 700 4074; x_wconf 84' lang='lat' dir='ltr'>latus</span> <span class='ocrx_word' id='word_1_371' title='bbox 736 4003 950 4101; x_wconf 82' lang='lat' dir='ltr'>ptaeda</span> <span class='ocrx_word' id='word_1_372' title='bbox 979 4005 1437 4076; x_wconf 72' lang='lat' dir='ltr'>ostentabatur.</span> <span class='ocrx_word' id='word_1_373' title='bbox 1478 4069 1485 4072; x_wconf 70' lang='grc'>,</span> <span class='ocrx_word' id='word_1_374' title='bbox 1535 4000 1946 4098; x_wconf 81' lang='lat' dir='ltr'>Antefignani</span> <span class='ocrx_word' id='word_1_375' title='bbox 1970 4002 2127 4072; x_wconf 88' lang='lat' dir='ltr'>lucis</span> <span class='ocrx_word' id='word_1_376' title='bbox 2152 4005 2362 4070; x_wconf 85' lang='lat' dir='ltr'>incer-</span> 
     </span>
     <span class='ocr_line' id='line_1_42' title="bbox 197 4093 2360 4264; baseline -0.005 -93"><span class='ocrx_word' id='word_1_377' title='bbox 197 4117 277 4188; x_wconf 78' lang='lat' dir='ltr'>to</span> <span class='ocrx_word' id='word_1_378' title='bbox 294 4094 943 4195; x_wconf 66' lang='lat' dir='ltr'>senlitenifi·ignaros</span> <span class='ocrx_word' id='word_1_379' title='bbox 981 4093 1201 4197; x_wconf 40' lang='lat' dir='ltr'>uigiles</span> <span class='ocrx_word' id='word_1_380' title='bbox 1242 4097 1673 4264; x_wconf 50' lang='lat' dir='ltr'>obtrpncann</span> <span class='ocrx_word' id='word_1_381' title='bbox 1721 4099 1808 4167; x_wconf 83' lang='lat' dir='ltr'>ita</span> <span class='ocrx_word' id='word_1_382' title='bbox 1827 4117 2035 4192; x_wconf 82' lang='lat' dir='ltr'>portae</span> <span class='ocrx_word' id='word_1_383' title='bbox 2058 4108 2360 4197; x_wconf 68' lang='lat' dir='ltr'>patuetet</span> 
     </span>
    </p>

    <p class='ocr_par' dir='ltr' id='par_1_15' title="bbox 243 4202 2363 4252">
     <span class='ocr_line' id='line_1_43' title="bbox 243 4202 2363 4252; baseline 0.002 -4"><span class='ocrx_word' id='word_1_384' title='bbox 243 4237 262 4248; x_wconf 80' lang='grc'><strong>.</strong></span> <span class='ocrx_word' id='word_1_385' title='bbox 2038 4213 2041 4214; x_wconf 51' lang='grc'>’</span> <span class='ocrx_word' id='word_1_386' title='bbox 2147 4202 2363 4252; x_wconf 76' lang='lat' dir='ltr'>intro-</span> 
     </span>
    </p>
   </div>
  </div>
 </body>
</html>
