2900 4628
506 159 1553 231 HISTORIARVM
1630 165 1879 235 LIB.
1954 167 2084 236 lv.
2240 158 2397 259 '229

187 288 210 307 ·
231 265 777 371 gnoexturbatus
806 320 828 354 ‚
875 265 1278 340 Richardum
1304 265 1731 341 Penbrochiae
1750 275 2063 343 comitem
2171 295 2401 361 nerum
2444 305 2505 352 ,ι
2512 301 2674 377 595.

129 422 152 439 .
231 361 359 431 nbi
390 364 466 430 &
486 360 934 433 auxiliatorem
951 358 1240 434 adicivit‘.
1288 360 1418 432 Cui
1436 384 1588 445 cum
1607 366 1681 433 in
1694 364 2009 435 Hibernia
2029 365 2112 436 be
2132 364 2288 439 lanti
2305 392 2407 451 res

229 453 509 549 pulchre
552 451 1028 549 procederent,
1079 459 1404 527 Henricus
1429 513 1433 517 .
1462 451 1771 528 secundus
1807 481 1920 528 rex
1961 458 2217 556 Angliae
2257 484 2406 532 cum

230 547 462 618 edicto
485 568 857 620 revocatum
900 551 1120 645 coegit
1140 550 1253 643 jus
1286 572 1487 620 omne
1523 572 1601 619 ac
1638 548 1817 648 sp'em
1896 553 2244 661 rincipatus
2266 548 2407 627 inst:

234 638 680 714 transcribere.
728 644 813 713 Et
849 639 982 741 ipse
1019 648 1275 740 magnis
1315 667 1466 714 cum
1484 647 1693 737 copii‘s
1732 648 1798 715 in
1819 575 2200 718 &ibernam
2216 646 2407 719 adve-

234 735 427 822 ctus,
476 735 847 846 regulorum
866 735 1028 807 alios
1045 740 1108 809 vi
1134 791 1175 825 „
1205 736 1367 810 alios
1400 736 1776 836 pollicendo
1855 743 2134 811 ermovit
2161 793 2183 826 ,
2226 737 2407 812 suum

234 849 312 899 ut
332 833 675 926 imperium
708 826 1152 926 agnoscerent.
1220 831 1350 905 Sed
1372 884 1394 917 ,
1447 853 1593 929 quae
1614 848 1752 904 erat
1773 764 2143 930 fipmplicitas
2159 829 2405 920 saeculi,

233 920 666 1007 creditumest
685 923 1009 996 firmando
1021 926 1154 1019 juri
1177 923 1465 998 futurum
1490 979 1511 1013 ‚
1547 925 1594 999 fi
1615 926 1961 999 pontificis
1981 928 2270 998 Romani
2290 951 2405 997 au-

235 1016 507 1089 &oritas
524 1016 857 1093 accederet
902 1042 921 1099 ς
973 1023 1088 1116 qui
1116 1044 1199 1092 ne
1221 1018 1413 1091 verba
1431 1022 1698 1115 quidem
1712 1026 1912 1125 gratis
1930 1019 2292 1093 concedere
2308 1021 2407 1091 so-

231 1109 389 1180 litus
414 1163 438 1197 ,
478 1109 842 1183 dominium
858 1112 1188 1186 Hiberniae
1203 1115 1435 1212 Anglis
1461 1115 1722 1213 regibus
1740 1114 2012 1191 donavit
2034 1169 2055 1204 ‚
2103 1111 2211 1185 sed
2230 1118 2409 1185 itaut

231 1202 505 1276 feudum
523 1201 679 1277 esset
696 1205 971 1279 ecclefiae
990 1260 1012 1294 ‚
1044 1231 1120 1278 ac
1138 1207 1452 1280 tributum
1472 1212 1532 1279 ei
1555 1208 1941 1306 persolveret
1961 1264 1983 1296 ‚
2008 1207 2193 1305 quod
2211 1205 2409 1279 secuti

231 1296 461 1396 postea
481 1321 664 1396 reges
685 1300 966 1399 pendere
984 1298 1348 1374 abnuerunt
1371 1354 1393 1390 ,
1426 1302 1556 1374 boc
1577 1302 1830 1390 colore,
1898 1302 2032 1377 uod
2055 1320 2125 1372 re
2173 1304 2239 1372 ni
2262 1307 2405 1372 An-

232 1392 394 1489 glici
420 1416 728 1489 proceres
760 1418 929 1467 onus
961 1395 1116 1469 illud
1157 1418 1489 1493 nunquam
1526 1421 1735 1494 appro
1869 1418 2006 1470 ent.
2146 1400 2403 1467 enricus

232 1486 503 1560 octavus
527 1542 550 1575 ‚
602 1507 941 1561 contemto
990 1488 1245 1562 domini
1280 1493 1547 1562 nomine
1583 1547 1607 1575 ,
1652 1490 1976 1590 augustius
2012 1487 2405 1564 vocabulum

234 1580 572 1653 Hiberniae
590 1588 761 1679 regis
799 1587 1043 1680 primus
1079 1580 1402 1681 usurpavit
1429 1635 1452 1668 ,
1496 1583 1740 1681 sibique
1762 1610 1910 1657 eum
1930 1586 2250 1669 honorem
2284 1583 2406 1655 de·-

122 1752 128 1756 ,
235 1670 337 1745 dit
360 1728 381 1762 ‚
430 1698 628 1772 quem
652 1679 864 1747 Maria
903 1675 1096 1773 ipfius
1133 1677 1320 1748 filiaa
1344 1675 1672 1748 Pontifice
1696 1684 1999 1776 accipere
2023 1678 2243 1774 postea
2259 1700 2402 1747 ma-

231 1768 380 1840 luit.
449 1770 579 1842 Sed
596 1792 971 1866 quanquam
991 1768 1347 1857 Hibernia,
1397 1791 1528 1864 qua
1545 1771 1787 1843 cultior
1807 1770 2095 1843 moribus
2119 1823 2140 1857 ,
2188 1770 2406 1840 recto·

236 1886 341 1932 res
357 1863 663 1961 legesque
704 1885 787 1933 ex
823 1861 1058 1957 Anglia
1094 1867 1230 1957 pati
1265 1862 1572 1959 paulatim
1614 1863 1893 1950 didicit;
1941 1864 2167 1935 manfit
2190 1882 2408 1937 tamen

230 1958 380 2031 aliis
397 1963 463 2027 in
486 1957 773 2052 partibus
795 2009 818 2042 ,
865 1978 1028 2051 quas
1048 1952 1235 2049 sylvae
1251 1980 1326 2028 ac
1347 1955 1611 2052 paludes
1628 1955 2030 2030 abscondunt
2056 2010 2077 2045 ,
2114 1980 2301 2026 amor
2322 1957 2405 2030 li-

232 2050 536 2123 bertatis.
602 2053 756 2120 Hoc
803 2053 1071 2137 nomine
1102 2049 1455 2122 vocabatur
1492 2055 1789 2121 omnium
1819 2052 1955 2122 fere
1979 2105 1999 2138 ,
2049 2073 2193 2147 quae
2215 2057 2407 2123 vetita

231 2142 442 2229 alibi,
482 2144 762 2214 licentia.
820 2142 1012 2214 Clara
1030 2147 1198 2214 inter
1216 2165 1481 2215 caeteras
1504 2145 1829 2217 Onealum
1864 2143 2101 2216 familia
2125 2142 2408 2215 Vltoniae

231 2235 359 2328 fibi
380 2241 853 2335 principatum,
877 2258 1059 2309 xmox
1098 2242 1173 2308 δε
1215 2240 1547 2311 Hiberniae
1585 2242 1787 2330 totius
1813 2293 1835 2327 ,
1880 2238 2023 2310 auia
2058 2235 2400 2310 ascribere.

207 2331 520 2422 *crevere
564 2334 662 2403 his
708 2333 964 2431 spiritus
999 2385 1022 2418 ‚
1070 2332 1300 2429 Anglis
1342 2338 1510 2404 inter
1563 2332 1995 2406 Eboracenles
2033 2338 2111 2404 &
2149 2337 2403 2405 Lanca-

233 2425 423 2497 strios
457 2419 738 2497 feraliter
778 2424 1245 2498 diffidentibus.
1295 2427 1424 2500 Sed
1469 2427 1733 2498 Conum
1761 2480 1785 2514 ,
1833 2429 1973 2524 ejus
2007 2432 2222 2528 gentis
2269 2428 2407 2499 hae-

219 2518 458 2591 'redem
477 2574 500 2608 ,
558 2523 878 2592 Henricus
934 2523 1201 2592 octavus
1261 2541 1486 2617 pacate
1526 2518 1869 2618 severeque
1906 2545 2182 2620 regnans
2217 2544 2403 2592 com-

236 2611 402 2711 pulit
422 2666 445 2699 ,
494 2617 741 2712 ejurato
772 2615 1038 2685 Onealis
1056 2612 1376 2692 vocabulo
1412 2640 1490 2687 ac
1508 2617 1864 2718 dignitate,
1911 2620 1981 2687 in·
1998 2618 2261 2687 comitis
2278 2619 2406 2686 Ti-

234 2711 386 2778 roni
427 2733 668 2779 nomen
711 2707 987 2780 tranfire.
1070 2707 1430 2780 Mathaeum
1472 2710 1622 2781 huic
1659 2707 1843 2790 ,fuiffe
1884 2708 2089 2780 filium
2127 2710 2235 2781 alii
2265 2732 2403 2780 cre·

231 2798 544 2894 didere:
577 2803 683 2890 alii
715 2803 905 2874 fabro
934 2800 1206 2875 ferrario
1274 2807 1538 2875 'enitum
1566 2801 1791 2875 ferunt
1819 2855 1842 2888 ‚
1890 2800 1997 2876 sed
2035 2804 2217 2899 cujus
2236 2806 2401 2876 con-

222 2896 455 2993 jugem
480 2895 710 2988 Conus
728 2895 1114 2968 adamaverit
1140 2950 1161 2982 ‚
1210 2900 1230 2967 i
1276 2919 1489 2993 eoque
1514 2895 1721 2993 passus
1745 2896 1822 2969 sit
1861 2896 2131 2969 obtrudi
2148 2894 2267 2970 fibi
2283 2917 2399 2970 aut

233 2987 715 3078 alienamw,‚'aut
753 2994 1061 3061 incertam
1104 2987 1424 3061 sobolem.
1519 2995 1715 3072 Hunc
1761 2991 2081 3064 lohannes
2103 3044 2124 3078 ‚
2169 2989 2397 3064 secun-

233 3079 594 3181 dumleges
619 3082 817 3154 Cono
838 3104 1059 3154 natum
1095 3081 1387 3153 seferens
1413 3135 1435 3168 ‚
1485 3087 1836 3160 interemit.
1887 3086 2180 3156 Mathaeo
2215 3106 2397 3182 patre

102 3213 108 3226 .,
191 3235 202 3246 .
234 3197 426 3250 natus
463 3197 601 3249 erat
634 3181 839 3275 Hugo
861 3231 883 3268 ‚
929 3180 1044 3274 qui
1085 3179 1320 3273 partim
1340 3175 1568 3264 domi,
1619 3182 1942 3272 partimin
1966 3177 2201 3275 Anglia
2236 3177 2401 3248 edu-

236 3294 420 3360 catus
446 3325 468 3358 ,
503 3275 739 3343 Tironi
777 3274 1162 3342 comitatum
1186 3323 1208 3356 ,
1257 3275 1332 3340 &
1369 3293 1516 3366 quae
1556 3269 1789 3342 Conus
1835 3269 2194 3367 poffederat
2221 3323 2243 3356 ,
2289 3273 2401 3342 Io-

146 3428 152 3433 .
237 3365 497 3452 banne,
546 3366 706 3460 dum
725 3365 1029 3451 rebellat,
1081 3384 1422 3462 peremto,
1461 3365 1749 3436 &bonis
1765 3368 1831 3434 in
1854 3363 2075 3436 fiscum
2098 3364 2398 3449 redactiS,

236 3453 620 3553 Elifibethaej
655 3458 981 3532 beneficio
1023 3463 1319 3559 accepit,
1364 3464 1560 3531 certis
1586 3455 1710 3536 ,fiib
1747 3458 1807 3529 le
1860 3457 2000 3531 ibus
2041 3515 2064 3548 ,
2108 3481 2256 3555 quae
2277 3465 2398 3528 no-

235 3551 430 3648 cendi
547 3552 835 3640 testatem
861 3559 924 3626 in
960 3552 1287 3651 posterum
1319 3553 1714 3628 ancideren't.
1769 3482 1888 3625 fir
1908 3552 2083 3626 bello
2120 3558 2344 3652 ingens
2366 3606 2393 3638 ,

243 3578 666 3746 &quiffisvis
705 3663 706 3666 ’
839 3672 921 3736 ne
1017 3652 1123 3721 tiis
1146 3647 1343 3721 fidem
1369 3651 1645 3748 Reginae
1676 3646 1966 3745 praestitit
1988 3705 2008 3738 ,
2055 3650 2397 3723 doneca'n-

240 3765 374 3826 no
449 3815 482 3832 -.
545 3745 564 3752 ”“
616 3767 654 3814 e
770 3768 819 3815 o
863 3672 1097 3818 όέἓνο
1144 3743 1408 3839 disjecta
1461 3742 1846 3840 nobiliffima
1889 3741 2077 3818 claffe
2133 3744 2396 3841 Hispani

242 3833 577 3918 duces-:Hi
747 3844 918 3910 'cum
957 3838 1260 3914 inlittus
1309 3840 1498 3936 ejecti
1521 3845 1555 3927 ‚³
1592 3842 1835 3928 arcanis
1854 3837 2032 3915 illum
2053 3837 2400 3936 colloquiis

239 3927 327 4002 ad
364 3932 868 4030 recuperandum
905 3933 1009 4026 jus
1065 3932 1387 4005 Onoelum
1442 3937 1807 4009 incitavere.
1871 3938 2026 4005 Nec
2065 3935 2276 4009 statim
2306 3951 2400 3999 ta-

233 4050 389 4102 men
422 4021 602 4127 spem
645 4027 934 4132 prodidit
956 4081 978 4119 ,
1025 4026 1132 4101 sed
1169 4029 1487 4194 protruiils²
1521 4033 1590 4128 in
1625 4051 1800 4132 arma
1834 4028 2016 4118 aliis,
2065 4050 2233 4127 quos
2255 4028 2396 4092 Ro-

645 4167 659 4175 “
815 4177 832 4203 t
1470 4171 1471 4174 ¹
1539 4149 1574 4219 3
2192 4137 2397 4187 mans
2448 4189 2463 4202 ι
