2900 4628
581 224 713 284 270
1005 196 1662 273 n‘vcours
1778 176 2513 283 onorii,-

314 318 522 412 1596.
577 313 959 480 Hercogn'ita
984 365 1007 400 ,
1053 314 1245 382 etiam
1284 308 1641 381 Lufitanos
1666 307 1937 393 multum
1971 310 2144 379 circa
2179 305 2422 401 Africae
2440 306 2735 397 frontem

627 402 814 479 aefifle
856 428 876 474 t
925 403 1491 500 monstrabantque
1524 422 1762 473 naturae
1795 401 2138 510 prudentes
2173 405 2521 491 certiorem
2556 408 2741 476 viam

576 525 700 598 per
728 518 947 597 aperta
981 500 1278 582 Oceani,
1377 519 1473 567 uae
1504 518 1734 567 contra
1753 521 1881 568 vim
1904 494 2166 592 frigoris
2185 496 2373 567 liberi
2395 494 2624 567 flu&us
2651 501 2743 575 δε

580 592 841 665 aestuum
881 596 1210 688 reciproca
1243 590 1325 661 de
1354 589 1684 662 enderent.
1752 591 1969 662 Naves
2010 588 2153 663 duae
2184 588 2421 660 reliffls
2440 589 2733 662 Orcadi-

579 687 705 762 bus
743 691 816 756 &
852 687 1192 781 Norvagia
1216 737 1235 769 ‚
1326 685 1509 756 rocul
1551 686 1617 752 in
1652 684 1850 755 altum
1880 680 2114 753 ενεᾶεε
2140 736 2160 769 ,
2208 680 2357 754 inde
2388 682 2524 761 vela
2543 688 2612 754 in
2629 682 2732 754 di-

583 778 825 855 versum
845 801 1147 852 tenuere:
1189 780 1259 862 in
1323 780 1801 869 eptentrionem
1822 775 2053 862 ambae,
2080 772 2183 848 (ed
2203 776 2397 847 altera
2414 779 2681 849 Orienti
2704 828 2739 864 „

581 874 777 947 altera
810 872 1159 945 Occidenti
1199 874 1493 967 propius.
1559 875 1730 942 Iacet
1770 869 1881 940 illo
1919 874 1983 940 in
2021 874 2179 939 mari
2210 869 2395 941 tellus
2417 868 2730 959 herbida,

582 966 770 1068 quod
789 971 1022 1038 mirum
1043 965 1263 1036 eofitu
1286 1017 1306 1050 ,
1352 982 1428 1034 ac
1448 963 1576 1034 laeti
1608 965 1838 1034 viroris
1869 1017 1890 1051 ‚
1939 963 2110 1034 unde
2129 963 2471 1060 octoginta
2490 967 2555 1034 in
2574 988 2731 1062 par-

580 1084 679 1134 tes
761 1060 978 1158 quales
1015 1061 1098 1129 ab
1136 1060 1493 1152 AEquatore
1517 1053 1749 1127 sursum
1775 1061 2122 1153 nonaginta
2142 1079 2389 1129 veteres
2411 1057 2680 1154 posuere
2693 1058 2735 1152 ),

578 1177 722 1227 atto
773 1161 919 1225 itur.
963 1151 1202 1248 Pelago
1224 1152 1705 1236 circumluatur,
1728 1174 1809 1222 an
1826 1151 1974 1221 alias
1996 1163 2173 1221 ¹retro
2192 1171 2391 1222 terras
2403 1159 2680 1249 attinget
2703 1200 2731 1238 ,

578 1270 733 1320 tunc
755 1246 920 1320 haud
937 1271 1016 1319 ex
1062 1246 1338 1316 lotatum
1369 1267 1387 1312 ε
1428 1242 1932 1321 Groenlaudiam
1954 1242 2212 1315 insulam
2232 1266 2566 1318 nautarum
2584 1250 2729 1341 qui·

581 1345 732 1415 dam
751 1340 1034 1415 existima
1118 1360 1190 1409 nt
1213 1392 1235 1424 ‚
1272 1336 1587 1409 celebrem
1608 1335 1938 1447 quondam
1971 1338 2366 1411 Venetorum
2391 1392 2414 1426 ‚
2449 1340 2733 1425 Norva-

581 1441 840 1534 giorum
865 1489 885 1520 ,
933 1433 1271 1532 Belgarum
1309 1436 1718 1504 commerciis
1740 1456 1968 1517 ,nunc
2001 1451 2251 1503 tantum
2288 1455 2523 1504 nomen
2541 1433 2733 1504 audi-

583 1551 688 1600 tur
715 1560 738 1615 3
777 1524 1057 1600 aflcribit
1076 1527 1247 1598 illam
1269 1529 1481 1623 regnis
1500 1524 1626 1596 suis
1645 1529 1871 1597 Danus
1891 1578 1912 1611 ‚
1934 1548 2054 1596 nec
2073 1529 2340 1597 invenit.
2404 1526 2732 1600 socordia

580 1622 724 1696 haec
760 1621 1016 1695 illorum
1039 1674 1061 1706 ,
1094 1625 1211 1716 qui
1248 1640 1406 1692 nota
1425 1619 1586 1690 olim
1607 1626 1937 1691 memoriae
1956 1644 2029 1690 ac
2046 1614 2293 1716 {criptis
2310 1640 2733 1716 negaverunt.

583 1718 669 1787 Et
693 1740 814 1787 nos
829 1714 1191 1812 longissime
1209 1735 1457 1785 remota
1474 1713 1796 1809 sequimur
1818 1767 1838 1800 ,
1885 1713 2044 1810 quid
2077 1733 2208 1784 tam
2270 1718 2594 1812 ropinquo
2615 1717 2734 1786 iti-

584 1832 740 1882 nere
768 1813 954 1883 Deus
971 1807 1374 1892 discreverit,
1404 1804 1628 1880 securi.
1698 1806 2204 1905 Diligentiorpo
2261 1806 2733 1902 hacinquifitio

585 1926 704 2002 per
737 1902 1080 1976 Islandiam
1120 1899 1288 1974 facia
1332 1900 1559 1972 docuit
1590 1896 2091 1975 Groenlandiam
2113 1902 2441 2000 aliquanto
2460 1902 2730 1997 longius

585 2021 624 2067 a
661 1999 1117 2096 septentrione
1153 1992 1391 2068 abesse.
1462 1998 1633 2065 Huic
1670 2018 2033 2090 veroquam
2055 1994 2439 2094 defignavim
2566 2018 2731 2066 errae

582 2090 772 2163 nullis
810 2090 1106 2163 habitatae
1139 2087 1510 2160 hominibus
1543 2111 1904 2187 repertores
1946 2112 2364 2160 monumenta
2384 2114 2422 2161 e
2556 2091 2606 2160 's
2632 2090 2732 2164 la-

582 2182 935 2283 pidumque
973 2182 1282 2281 congestu
1319 2179 1666 2280 posuerunt
1690 2236 1711 2268 ‚
1762 2186 1835 2251 δι
1876 2206 2117 2255 nomen
2155 2183 2549 2281 Spitsbergae
2570 2235 2594 2269 ,
2638 2182 2729 2256 ab.

580 2281 787 2349 acutis
832 2281 1155 2350 montium
1179 2277 1398 2375 jugis,
1445 2298 1585 2373 quo
1608 2272 1751 2374 ipso
1774 2280 1839 2348 in
1861 2274 2092 2370 famam
2117 2277 2729 2376 tabulasquevenit‚

578 2368 790 2443 futura
828 2371 1159 2467 quondam
1203 2371 1398 2443 ubere
1437 2394 1553 2466 per
1572 2370 1811 2442 multos
1833 2371 1997 2443 finus
2017 2369 2399 2442 balaenarum
2414 2393 2603 2469 captu
2623 2376 2731 2442 in-

581 2484 679 2536 ter
718 2469 993 2537 Batavos
1027 2462 1407 2561 Anglosque
1445 2462 1845 2536 diffidiorum
1885 2464 2053 2536 haud
2085 2465 2241 2538 levis
2268 2472 2557 2537 materia.
2605 2455 2733 2548 (Ξῖ-ι’,

579 2561 694 2656 gni
732 2558 860 2630 illic
900 2563 975 2628 δε
1004 2556 1487 2649 volucres·com
1538 2581 1743 2629 ertum
1782 2612 1803 2644 ,
1864 2558 2088 2631 nostro
2125 2560 2304 2632 coelo
2344 2559 2513 2636 haud
2542 2563 2730 2631 inco-

671 2654 787 2724 itas
828 2650 1153 2745 (anserum
1176 2676 1375 2749 genus
1391 2582 1535 2745 ests)²
1560 2675 1718 2749 quas
1737 2654 1975 2724 Scotiae
1989 2649 2329 2725 arboribus
2349 2660 2415 2725 in
2438 2653 2731 2753 stagnum

625 2746 916 2840 epluerei
968 2750 1102 2817 nari
1123 2749 1394 2842 originis
1423 2745 1840 2817 tradiderunt.
1916 2745 2206 2819 Curvato
2225 2747 2483 2846 paulum
2502 2752 2574 2818 in
2594 2747 2736 2826 A'u-,

577 2835 921 2918 strumvcur
948 2842 988 2910 ἰι
1024 2894 1047 2928 ,
1106 2859 1339 2912 conata
1379 2838 1531 2911 hinc
1580 2843 1646 2911 in
1680 2862 1863 2911 ortus
1902 2839 2225 2937 proficisci
2260 2845 2437 2913 navis
2473 2862 2609 2912 tem
2698 2837 2733 2899 -'

580 2929 847 3005 statibus
890 2954 1063 3006 retro
1099 2939 1165 3006 in
1203 2930 1555 3013 Rufforum
1594 2933 1770 3007 littus
1804 2933 2025 3005 ada&
2053 2935 2184 3021 est.
2281 2937 2611 3008 Inferiusa
2637 2959 2735 3008 te·-

572 3049 646 3097 ra
681 3026 764 3099 ab
802 3021 1098 3100 inventis*
1124 3026 1240 3100 fibi
1283 3025 1497 3104 insulis
1544 3033 1617 3099 &
1651 3053 1728 3101 ea
1767 3050 1914 3125 quae
1959 3035 2308 3125 repertoris
2354 3029 2731 3128 Willugbaei

573 3141 667 3194 no
777 3147 817 3193 n
849 3126 1079 3194 retinet
1104 3176 1126 3209 ,
1165 3119 1374 3193 cursus
1393 3128 1459 3193 in
1478 3122 1799 3194 Semblam
1819 3126 2025 3194 rexit:
2065 3135 2194 3219 qua
2213 3124 2367 3196 coeli
2383 3146 2603 3195 vertex
2623 3126 2729 3208 sex

579 3145 1091 3313 &rlleeptuaginta
1128 3216 1446 3313 graduum
1482 3213 1950 3301 *sublimitatem
1990 3216 2299 3291 obtinet.
2395 3217 2526 3289 Vbi
2565 3217 2731 3290 dum

576 3328 766 3379 notas
806 3333 938 3380 orae
974 3333 1050 3380 ac
1094 3313 1281 3404 primi
1321 3314 1564 3381 itineris
1609 3307 1919 3382 vocabula
1955 3332 2161 3384 nautae
2202 3337 2309 3385 rec
2406 3306 2727 3397 noscunt,

576 3406 781 3474 ventis
822 3457 843 3489 ‚
890 3404 1041 3475 inde
1076 3401 1225 3501 gelu
1263 3455 1284 3487 ‚
1330 3405 1626 3500 impediti
1676 3427 1813 3499 quo
1848 3407 2058 3475 minus
2108 3407 2346 3504 profun
2393 3431 2439 3475 o
2479 3427 2726 3478 remea-

573 3515 718 3565 rent
742 3549 763 3581 ,
811 3497 1101 3568 difficiles
1144 3502 1312 3568 inter
1344 3521 1557 3568 moras
1589 3551 1609 3583 ‚
1659 3498 2127 3593 hominumque
2166 3506 2240 3570 &
2272 3506 2445 3575 navis
2469 3504 2726 3595 pericu-

567 3587 628 3660 la
660 3594 778 3660 vix‘
808 3591 1282 3663 Araufionenfis
1324 3587 1550 3661 insulas
1592 3589 1952 3697 fixperavere
1994 3617 2012 3660 ε
2062 3599 2307 3692 quippe
2337 3619 2484 3667 cum
2519 3589 2729 3664 modo

570 3686 879 3753 continua
913 3684 1118 3778 glacie
1148 3682 1401 3753 firmare
1423 3685 1543 3755 sese
1566 3709 1634 3757 ut
1656 3685 1864 3757 iolido
1885 3710 2273 3784 cogerentur
2297 3744 2317 3776 ‚
2365 3683 2727 3783 eademque

568 3797 758 3870 rupta
792 3781 1020 3847 iterum
1043 3783 1120 3846 ’δε
1140 3780 1203 3844 in
1231 3770 1559 3850 serediens
1593 3781 1902 3852 cunctain
1926 3781 2259 3856 distrimen
2283 3784 2464 3854 daret
2500 3805 2521 3851 ε
2628 3777 2731 3849 uae‘

568 3891 714 3942 vera
748 3870 1015 3965 quidem
1041 3924 1062 3956 ‚
1111 3866 1214 3940 sed
1255 3871 1421 3944 haud
1460 3879 1669 3943 minus
1717 3874 2019 3972 stupenda
2054 3881 2441 3949 Graecorum
2462 3802 2731 3948 fabam

568 3963 840 4035 Paulum
887 3963 1226 4061 progreffis
1266 3968 1330 4034 in
1374 3967 1643 4037 alterum
1681 3969 1952 4039 Semblae
1989 3970 2150 4042 latus
2190 3976 2480 4064 atrocior
2518 3968 2721 4040 indies

568 4062 664 4136 vis
697 4058 962 4158 frigoris
995 4059 1147 4134 hinc
1178 4060 1556 4153 scythicum
1588 4084 1761 4136 mare
1784 4115 1808 4154 ,
1854 4063 2009 4136 inde
2037 4064 2454 4145 Naffavieum
2486 4067 2554 4139 in
2587 4059 2715 4132 ste-

1750 4199 1759 4206 *
2416 4193 2425 4204 ·
2583 4177 2725 4232 tum
