2900 4628
391 182 1444 252 nrsronranvm
1525 183 1780 254 Lrss.
1846 183 2051 260 xm.
2172 199 2310 284 432

162 312 305 457 {uo
325 294 615 388 pacatior
631 290 789 364 esset
809 315 1019 362 rerum
1036 290 1255 362 facies.
1304 291 1434 363 Sed
1450 291 1538 363 ab
1556 297 1954 390 Imperatore
1972 313 2159 364 novae
2174 293 2314 391 spes
2380 326 2410 373 1
2424 303 2590 405 6039‘

225 409 508 458 nnonem
528 390 941 459 immutavere
962 408 984 454 ε
1010 408 1129 456 nec
1138 386 1274 478 jam
1293 385 1626 467 tacebatur
1644 385 1879 460 nullam
1901 383 2030 456 esse
2042 388 2173 456 vim
2279 428 2314 443 -
2492 421 2499 429 ·

161 480 422 552 &orum
438 535 460 563 ‚
486 502 632 575 quae
655 483 1067 578 Imperatoris
1085 478 1672 560 decretatollerent
1693 532 1716 566 ‚
1763 483 2034 551 crimina
2053 411 2318 552 coagg-

158 595 415 660 narent,
442 574 773 645 muniendi
790 574 1073 646 facerent
1089 572 1500 671 potestatem,
1524 577 1731 644 invito
1746 578 2179 671 hperatore,
2200 598 2316 646 cu·-

150 670 258 761 jus
293 672 358 740 in
384 667 612 740 urbem
630 669 732 767 jus
755 665 1091 739 summum.
1163 669 1391 738 Morta
1413 666 1717 739 Rudolfo
1741 721 1762 755 ,
1800 672 1967 740 irato
2005 666 2176 740 baud
2194 691 2307 765 pa·

156 785 301 831 rum
320 761 503 857 quod
523 786 622 834 res
643 758 948 836 Emdanssae
965 781 1254 833 externo
1272 760 1548 833 arbitrio
1565 755 1908 861 agerentur
1929 815 1951 849 ‚
1989 761 2310 833 Maximi-

155 854 357 926 lianus
382 854 749 929 Cochiacus
766 855 848 948 ad
872 857 926 927 F
929 854 1255 928 oederatos
1285 859 1564 927 mittitur
1584 911 1607 945 ,
1643 861 1758 954 qui
1777 856 2076 929 accusatis
2096 859 2309 954 gravi-
2341 867 2640 953 Legati-101⁴

155 967 254 1020 ter
270 950 578 1022 Emdanis
601 946 813 1023 causas
829 947 1149 1032 referebat
1166 1003 1188 1037 ‚
1249 954 1399 1022 'ucis
1417 955 1781 1048 Imperator
1799 972 2017 1023 motus
2029 951 2304 1050 jampri-
2333 948 2533 1066 ng
2562 1009 2639 1065 a

153 1042 307 1122 dem
328 1048 401 1113 &
416 1043 555 1115 aliis
579 1043 822 1141 &ipsis
839 1067 1105 1141 quoque
1123 1044 1220 1116 foe
1267 1048 1459 1124 eratis
1474 1044 1843 1117 Ordinibus
1863 1040 2156 1118 edixisset
2176 1097 2207 1131 ‚-
2220 1068 2303 1116 ne
2335 1008 2561 1157 ffw⁷

152 1138 396 1211 auxilio
418 1136 618 1211 essent
649 1138 1105 1213 rebellantibus
1125 1192 1147 1225 ‚
1191 1142 1267 1207 &
1306 1158 1521 1221 tamen
1543 1135 1717 1238 ipsos
1754 1138 1979 1211 urbem
2014 1137 2299 1213 invafiffe

154 1228 270 1303 suo
307 1232 511 1303 milite
529 1285 551 1320 ‚
588 1229 823 1305 bellum
848 1256 966 1331 per
984 1256 1176 1331 agros
1198 1230 1508 1340 coeptasse
1528 1286 1549 1320 ,
1594 1221 1790 1330 egisse
1809 1231 2054 1329 praedas
2074 1287 2096 1321 ‚
2140 1237 2306 1328 quas

152 1327 416 1421 injurias
431 1323 804 1414 demi‚serio
820 1331 1285 1423 Imperatorem
1301 1326 1523 1421 lubere
1543 1351 1562 1398 :
1589 1348 1726 1398 tum
1744 1326 2132 1425 singulatim,
2155 1350 2303 1423 quae
2513 1371 2525 1384 ·

150 1422 220 1490 in
287 1418 557 1491 ostrema
574 1421 1543 1520 paffloneiniquavidebanmr‚
1564 1421 1957 1496 recensebat.
2008 1421 2298 1498 Ordines
2335 1449 2622 1520 mmm

147 1444 420 1601 adffmc,
478 1537 800 1610 uanquam
816 1515 1187 1612 compellati
1202 1511 1561 1613 superbius,
1582 1514 1869 1588 modeste
1886 1514 2298 1614 respondent,
2323 1516 2455 1591 Μ’·
2468 1537 2549 1576 n-

146 1604 377 1705 sponte
394 1632 431 1678 a
491 1607 553 1679 se
572 1605 808 1681 veniffe
824 1613 1168 1686 Ennonem
1190 1662 1211 1695 ‚
1233 1607 1547 1706 pepigisse
1557 1609 1788 1707 sponte
1813 1636 1832 1680 ε
1857 1634 1981 1687 nec
1995 1615 2297 1707 cuiquam
2316 1589 2522 1668 ΜΨ

135 1705 309 1784 ‚vitio
330 1707 492 1775 verti
510 1700 746 1790 solere,
763 1703 950 1800 quod
970 1702 1449 1798 componendis
1468 1709 1831 1776 vicinorum
1849 1705 2305 1782 controversiis
2424 1751 2435 1764 κ

139 1794 545 1892 applicuisset
564 1800 850 1868 animum
867 1827 890 1867 .-
937 1816 1076 1868 tum
1098 1820 1135 1866 a
1158 1796 1565 1892 paffionibus
1582 1798 2090 1894 Delphizylianis
2112 1852 2134 1884 ‚
2159 1821 2307 1894 quae

151 1895 229 1960 &
252 1892 639 1985 Imperatori
664 1889 916 1985 placitae
941 1943 964 1977 ‚
1015 1913 1213 1984 quam
1249 1894 1588 1961 minimum
1613 1888 1917 1987 potuisset
1951 1889 2258 1962 recessum
2278 1915 2304 1962 ε

149 1982 421 2053 militem
451 1981 718 2079 quoque
742 1980 991 2054 missum
1015 1987 1084 2054 in
1125 1983 1350 2054 urbem
1373 2037 1395 2070 ‚
1439 2007 1575 2054 non
1598 1989 1661 2055 in
1710 1989 2126 2081 Imperatoris
2144 1987 2309 2081 inju-

141 2079 311 2148 riam
330 2129 351 2164 ,
407 2072 515 2147 sed
537 2101 618 2146 ne
637 2077 958 2174 Hispanus
976 2134 997 2161 ,
1036 2080 1150 2172 qui
1173 2099 1334 2170 pace
1349 2077 1743 2152 Verbiniana
1753 2080 1859 2167 jus
1882 2083 1946 2151 in
1969 2083 2307 2175 regionem

199 2194 295 2241 uae
312 2190 486 2241 trans
504 2171 829 2266 Amafium
854 2171 972 2244 sibi
987 2191 1332 2266 exceperat
1349 2223 1370 2258 ‚
1411 2170 1967 2268 oportuniffimam
2002 2171 2305 2246 insistan-

137 2193 248 2347 gis
269 2268 521 2338 Batavis
560 2265 785 2339 urbem
811 2270 1178 2363 praeriperet
1202 2319 1224 2352 ‚
1269 2263 1580 2361 fimulque
1614 2270 1892 2364 imperio
1909 2270 2305 2341 Germanico

142 2359 551 2445 subduceret.
620 2363 719 2431 Ita
736 2360 1113 2455 TrajeRum
1138 2412 1158 2445 ‚
1210 2364 1298 2430 ita
1321 2361 1652 2437 Geldriam
1678 2366 1753 2431 δε
1773 2362 1894 2434 alia
1927 2383 2097 2434 trans
2122 2363 2307 2434 Rbe—
2594 2357 2613 2412 ’ἕ

145 2478 344 2540 num,
394 2458 484 2524 ita
520 2453 971 2525 Mediolanum
994 2506 1017 2540 ,
1074 2457 1150 2522 δε
1195 2454 1327 2549 ipsa
1365 2454 1446 2525 ad
1469 2459 1822 2553 Imperium
1865 2460 2253 2553 pertinentia
2280 2508 2305 2544 ,

142 2568 462 2641 occupata
484 2549 817 2644 quondam
843 2601 879 2634 ‚.
910 2571 1000 2617 ac
1010 2546 1339 2642 postremo
1377 2548 1805 2623 Cameracum
1830 2601 1853 2633 ‚
1898 2571 2126 2621 contra
2143 2573 2306 2621 eun-

145 2661 224 2712 te
249 2645 520 2722 nemine.
579 2640 1096 2723 Necimmerito
1130 2640 1448 2736 suspers
1490 2642 1605 2714 fibi
1630 2646 1892 2714 nuntios
1930 2648 2007 2713 &
2044 2643 2302 2728 literas,

142 2740 266 2832 qui
295 2735 377 2807 ab
401 2739 677 2808 Ennone
714 2736 796 2809 ad
835 2739 1092 2833 Regem
1109 2734 1435 2829 ducesque
1468 2736 1791 2832 Hispanos
1831 2757 2299 2809 commearent·
2430 2808 2443 2820 ,

143 2831 210 2899 V
215 2828 386 2901 erbis
419 2831 723 2903 mollibus
741 2829 956 2913 addita
974 2828 1081 2900 inl
1206 2848 1344 2898 tum
1377 2827 1601 2914 dona3
1645 2851 1711 2900 at
1732 2829 1952 2899 Emdae
1977 2829 2164 2926 plena
2180 2828 2300 2900 ad·

143 2918 278 2999 huc
310 2923 482 2995 odiis
503 2979 526 3012 ,
570 2923 753 3021 plena
775 2921 1113 3019 suspicioni
1166 2945 1239 2991 us
1270 2923 1518 2991 omnia.
1587 2924 2034 3015 oneravitque
2058 2926 2132 2993 &
2165 2922 2300 2992 hoc

142 3021 492 3091 Eunonem
531 3017 704 3114 apud
723 3021 1038 3099 Batavos,
1086 3015 1269 3110 quod
1285 3014 1633 3110 fraterejus
1651 3015 1970 3086 Iohannes
1993 3068 2016 3101 ,
2061 3036 2132 3086 ut
2148 3035 2300 3087 ante

147 3111 431 3183 diximus
451 3165 473 3198 ‚
523 3116 869 3208 impetrato
890 3135 927 3181 a
948 3107 1277 3187 Pontifice
1310 3132 1461 3179 cum
1482 3110 1773 3183 Eunonis
1808 3107 1937 3183 filia
1964 3161 1987 3194 ,
2037 3112 2142 3180 cui
2180 3132 2301 3206 pa·

148 3204 478 3301 truusiple
507 3260 530 3293 ,
575 3205 890 3302 conjugio
919 3208 986 3274 in
1030 3202 1509 3275 Patelbornenfi
1544 3225 1707 3299 agro
1746 3204 2045 3273 Romana
2084 3203 2249 3275 sacra
2271 3255 2323 3289 ,.

150 3304 234 3375 &
260 3322 364 3388 res
377 3299 671 3371 antistitis
697 3318 1081 3395 promotum
1105 3295 1239 3367 ibat
1257 3350 1278 3379 ,
1330 3301 1459 3367 irru
1510 3316 1572 3367 ta
1590 3297 1749 3368 urbe
1766 3349 1787 3381 ‚
1810 3300 1875 3366 in
1893 3319 2011 3366 eos
2035 3350 2055 3385 ‚
2078 3300 2190 3391 qui
2210 3297 2297 3368 li-

146 3395 415 3485 bertatis
460 3392 739 3465 obtentu
783 3392 1141 3464 restiterant
1177 3446 1198 3473 ,
1241 3321 1568 3486 exquisssis
1613 3388 1941 3488 suppliciis
1984 3387 2243 3465 saeviens
2268 3443 2292 3476 ,

143 3512 323 3585 quos
360 3492 528 3559 inter
572 3485 791 3563 mnsul
829 3489 1061 3584 oppidi
1096 3505 1305 3554 tortus
1331 3538 1353 3571 ‚
1396 3485 1549 3555 inde
1585 3489 1650 3557 in
1688 3504 1899 3584 partes
1926 3484 2128 3561 seclus
2147 3486 2295 3558 filit.

144 3584 392 3655 Vltima
427 3583 663 3675 hyeme
699 3578 1300 3655 Wachtendoncam
1349 3576 1668 3677 oppidum
1710 3579 1920 3652 subito
1964 3578 2284 3679 Hispanus

140 3679 321 3773 cepit
346 3730 368 3762 ,
417 3674 777 3772 amisitque.
846 3677 1073 3761 Emtus
1112 3675 1225 3767 qui
1281 3699 1359 3769 pe
1405 3674 1682 3771 piscator
1727 3673 2098 3769 quindecim
2118 3676 2283 3749 mili·
2345 3677 2582 3753 Hff'nus

142 3792 249 3842 tes
273 3826 293 3852 ‚
336 3769 501 3840 duce
519 3771 841 3844 Matthaeo
862 3768 1153 3851 Dulkio,
1188 3770 1214 3859 (
1267 3770 1487 3842 tralam
1507 3773 1562 3839 is
1584 3771 1648 3840 in
1671 3771 1973 3866 proximo
1989 3770 2280 3869 regebat)
2311 3755 2403 3876 W!
2392 3752 2583 3814 adm„-
2612 3832 2619 3840 .

138 3864 360 3938 εεᾶος
414 3863 706 3945 stramine
744 3888 889 3934 arce
937 3860 1151 3934 intulit
1177 3918 1202 3946 ‚
1240 3881 1818 3961 accurrentemque
1860 3868 2117 3971 vigilem
2141 3920 2162 3952 ,
2210 3886 2283 3937 ut
2310 3896 2422 3971 ρ),
2453 3847 2616 3961 „52⁸

135 3981 411 4031 manum
443 3955 764 4029 scandenti
811 3962 1168 4055 porrigeret
1197 4009 1219 4042 ‚
1266 3956 1615 4029 transfodit
1654 3983 1674 4028 :
1723 3958 1813 4030 ibi
1845 3959 2089 4032 exsilire
2120 3961 2284 4031 mili·
2314 3969 2488 4047 κὰμ.
2592 3966 2602 3976 ’

136 4073 280 4139 tes,
335 4050 775 4152 pontibnsque
821 4052 1038 4125 claufis
1081 4052 1518 4215 chtOsEtrans
1562 4076 1818 4127 amnem
1855 4054 2159 4127 Niersam
2190 4052 2291 4161 sos

1360 4169 1399 4217 e
1450 4171 1487 4241 3
1822 4173 1830 4179 ·
2170 4167 2320 4218 cios
