2900 4628
536 133 666 205 280
964 130 1622 202 HveoNrs
1744 109 2277 199 onorii

257 242 464 332 1597.
546 241 822 326 bianos,
867 242 1064 312 etiam
1086 242 1201 335 qui
1237 241 1304 311 in
1327 238 1539 312 Gallia
1577 240 1880 330 Romana
1901 233 2071 310 sacra
2106 232 2713 310 stetabannuobss-
2748 320 2757 329 ,

247 369 466 427 Ambia-
556 338 935 433 quentiores
962 336 1131 431 Regi
1156 387 1179 419 ,
1225 331 1517 429 praefidia
1536 358 1670 404 non
1690 351 1760 405 ut
1780 353 1930 407 ante
1947 329 2343 405 recusabant.
2410 330 2565 400 Rex
2580 327 2716 426 ipse

200 453 328 525 niun
364 447 494 497 nen-
560 432 735 541 pacis
773 422 1180 525 cogitatione
1226 427 1313 498 ad
1334 446 1591 523 tempus
1634 421 1898 498 discussa
1919 445 2136 527 totum
2171 423 2234 496 se
2250 422 2446 497 sociis
2464 422 2662 496 dabat
2685 477 2714 510 ,

209 530 342 570 η*
361 512 482 589 ⁰⁵ss·
557 545 646 596 ita
670 543 741 594 ut
771 545 931 618 quas
949 547 1031 593 nu
1122 547 1151 592 r
1174 520 1257 595 de
1298 520 1532 592 Caleto
1565 519 1978 593 conditiones
1996 518 2198 615 Angli
2221 518 2495 590 tulerant
2534 541 2717 615 nuuc

208 581 315 649 m·
554 636 933 715 accepturus
956 545 1298 688 nasceretur.
1363 617 1631 688 Interim
1656 618 1842 687 unius
1864 614 1993 689 diei
2015 613 2277 685 fortuna
2311 613 2586 711 longum
2607 636 2720 685 re·

552 708 901 810 cuperandi
923 709 1211 782 laborem
1247 707 1453 782 Gallis
1470 709 1785 805 praebuit‚
1828 706 2216 780 circumfuso
2234 706 2443 779 statim
2457 710 2723 801 equim-

549 826 649 893 tu‚
668 802 818 878 inde
838 800 951 876 sub
970 807 1247 876 Bitonio
1264 800 1694 880 crescentibus
1708 808 1775 876 in
1795 803 2102 875 Ambiani
2122 801 2446 874 obsidium
2467 802 2709 895 copiis,

209 982 232 1003 .
546 900 766 972 donec
791 900 939 969 Rex
975 895 1108 995 ipse
1139 920 1360 969 coram
1395 895 1655 973 advenit
1680 952 1703 984 ,
1746 896 2126 993 illectusque
2158 917 2232 969 ut
2266 901 2475 970 vicem
2511 916 2710 998 repo:

215 983 520 1066 ΛΜΨ
554 1013 733 1067 neret
753 1048 775 1082 ,
821 993 1207 1068 Atrebatum
1252 989 1482 1063 urbem
1505 1046 1527 1080 ,
1572 989 1843 1065 accenso
1923 991 2134 1065 ulvere
2154 1047 2176 1081 ‚
2222 1015 2361 1088 quo
2402 990 2709 1062 muridii·

209 1053 519 1201 mffffi
554 1088 788 1160 filirent
813 1139 833 1174 ‚
887 1084 1236 1182 scalisque,
1289 1085 1632 1175 infeliciter
1667 1110 1828 1185 aggr
1920 1110 1995 1159 us
2028 1083 2142 1156 est.
2213 1087 2364 1159 Nec
2403 1085 2707 1159 meliores

215 1192 393 1258 emal
557 1184 895 1257 Gallorum
914 1184 981 1252 in
1021 1180 1446 1258 cameracum
1481 1178 1999 1277 Durlaniumque
2019 1179 2283 1253 infidiae.
2331 1178 2558 1252 Sed&
2585 1179 2712 1248 Hi-

258 1268 484 1341 Hispania
558 1274 756 1376 spano
775 1272 915 1373 spes
954 1278 1135 1353 irrita
1150 1279 1216 1345 in
1257 1279 1740 1347 Gravewartam
1775 1273 2038 1349 insulam
2075 1275 2297 1348 Rheni
2316 1272 2600 1347 divortio
2623 1269 2705 1344 fi·

216 1337 521 1467 mjoebff’
558 1393 729 1455 tam,
779 1367 1156 1465 rursumque
1189 1371 1258 1439 in
1295 1372 1617 1467 oppidum
1649 1360 1981 1441 Stenovici
2003 1424 2023 1456 ‚
2072 1392 2213 1466 quo
2244 1366 2621 1441 Tubantum
2665 1390 2707 1439 e

222 1488 419 1538 Grave.
558 1462 862 1561 ptaefidiis
899 1461 1072 1536 mille
1112 1461 1403 1560 pedites,
1446 1466 1697 1560 equites
1729 1462 2232 1562 quadringenti,
2275 1459 2475 1534 deviis
2515 1465 2712 1534 itine-
2746 1548 2753 1557 ι

215 1570 500 1638 πνέω,
556 1557 736 1629 ribus
777 1576 1232 1630 convenerant.
1308 1561 1398 1628 Hi
1434 1557 1722 1655 suprema
1756 1553 1950 1629 ιιοᾶε
1985 1558 2142 1653 palis
2183 1610 2207 1644 ‚
2271 1554 2389 1653 qui
2429 1553 2710 1627 obstite·
2747 1640 2755 1647 ι

216 1624 522 1694 &smm‘
552 1673 699 1735 rant
723 1705 744 1738 ‚
794 1648 1050 1725 rescissis
1075 1704 1097 1738 ‚
1142 1653 1209 1729 in
1241 1674 1545 1752 aggerem
1580 1650 2026 1738 enitebantur3
2080 1672 2282 1749 utque
2301 1652 2553 1749 primos
2584 1671 2709 1720 co-

141 1756 150 1765 ‘
212 1714 344 1770 ‘m'
387 1810 390 1817 .
548 1767 737 1830 natus
760 1746 1009 1819 silentio
1020 1747 1358 1840 juverant,
1405 1751 1493 1818 ita
1515 1800 1537 1834 ‚
1570 1770 1710 1843 quo
1730 1765 1943 1817 terror
1959 1740 2076 1842 per
2093 1745 2393 1819 tenebras
2412 1748 2711 1841 ingrave-

547 1842 750 1913 sceret
775 1895 797 1929 ,
843 1843 1010 1911 truci
1032 1838 1314 1912 clamore
1347 1840 1679 1937 lignorum
1730 1864 1809 1911 ue
1849 1859 2039 1911 cantu
2077 1834 2349 1915 diversas
2383 1843 2711 1911 moenium
2744 1922 2755 1929 ἱ

543 1956 756 2045 partes
801 1931 1292 2031 oppugnabant.
1362 1935 1496 2008 Sed
1530 1957 1693 2006 excu
1742 1939 1942 2006 itores
1982 1932 2442 2030 haudquaqum
2459 1935 2715 2022 turbati

537 2030 838 2102 inanibus
867 2081 888 2115 ,
937 2027 1060 2107 liele¹
1086 2027 1391 2121 objecere
1424 2052 1443 2100 ε
1495 2029 1693 2125 idque
1729 2047 2001 2099 caeteros
2018 2027 2293 2102 advertit
2331 2027 2563 2135 procul
2598 2050 2711 2098 re-

540 2144 770 2201 motos
808 2126 991 2215 (nam
1030 2121 1325 2218 plerique
1343 2121 1592 2195 struffis
1611 2145 1817 2221 prope
1843 2119 2078 2195 vallum
2116 2126 2390 2220 tuguriis
2407 2126 2714 2195 contine-

541 2215 829 2309 bantur)
874 2238 1155 2311 quorum
1194 2238 1340 2312 pars
1375 2216 1595 2287 intecii
1616 2271 1638 2304 ,
1685 2239 1756 2287 ut
1776 2214 1980 2287 stratis
2014 2216 2372 2289 exsilierunt
2395 2269 2418 2303 ,
2464 2212 2604 2287 fixa
2633 2220 2707 2286 in

544 2307 920 2390 scandentes
961 2309 1174 2384 moliri
1197 2361 1221 2402 ,
1271 2306 1610 2382 semermes
1646 2311 1757 2387 alii
1882 2306 2078 2382 ressos
2113 2316 2181 2383 in
2219 2309 2451 2382 vallum
2487 2308 2710 2383 hostes

541 2405 772 2501 gladiis
814 2406 1082 2490 fodero,
1126 2426 1240 2474 aut
1320 2404 1614 2478 laudibus
1647 2403 1829 2476 succe
1875 2423 2056 2478 entes
2096 2403 2456 2503 propellere
2480 2457 2502 2492 ‚
2553 2428 2712 2501 pro-

545 2497 762 2593 pulsos
783 2495 982 2593 sequi.
1049 2503 1147 2569 Ita
1172 2520 1241 2567 re
1269 2505 1463 2569 umtis
1496 2498 1840 2598 aliquoties
1876 2503 2106 2574 animis
2126 2495 2529 2598 aggressores
2559 2520 2710 2570 tan-
2822 2541 2825 2548 -

549 2590 701 2662 dem
724 2591 955 2672 cessere
975 2644 995 2676 ‚
1046 2591 1312 2662 multam
1347 2584 1599 2667 clad'em
1638 2593 1919 2669 deveffls
1953 2616 2445 2690 peremptorum
2465 2618 2714 2692 corpo·

556 2683 736 2755 ribus
757 2685 1233 2762 diffimulantes.
1299 2687 1437 2759 Sub
1479 2688 1650 2758 idem
1670 2694 1984 2785 temporis
2009 2740 2032 2774 ,
2077 2687 2248 2761 velut
2269 2708 2451 2782 aequa
2472 2692 2534 2759 in
2554 2712 2716 2761 om-

258 2802 524 2875 mfag
564 2802 675 2849 nes
692 2780 954 2852 fortuna
977 2833 1000 2865 ‚
1049 2782 1397 2850 Mauritius
1436 2783 1820 2878 peditem&
1858 2802 2097 2853 turmas
2138 2782 2389 2880 aliquot
2434 2785 2720 2857 Novio-

219 2878 524 2944 dm'evemu
564 2872 1043 2946 maooduekans
1068 2926 1089 2958 ‚
1122 2872 1291 2943 nulla
1313 2876 1689 2973 interposita
1703 2875 1787 2947 ad
1803 2874 2257 2973 quiescendum
2277 2901 2460 2948 mora
2483 2935 2505 2963 ‚
2537 2877 2712 2957 baud

195 2949 454 3076 {22³4}ss
559 2937 835 3042 absiirdo
866 2967 1193 3063 capiendae
1225 2969 1493 3042 Venloae
1526 2968 1795 3043 confilio
1834 2991 2142 3051 eventum
2169 2991 2403 3043 contra
2436 2972 2664 3044 habuit
2683 3005 2712 3060 ς

214 3040 494 3157 amm-f*
559 3066 824 3139 navibus
843 3062 1093 3135 duabus
1110 3062 1381 3135 adverso
1397 3062 1661 3135 flumine
1679 3066 1948 3136 militem
1964 3061 2476 3163 miserat,priore
2583 3068 2715 3141 res-'-

445 3155 453 3166 '
554 3155 602 3241 fi
630 3162 769 3254 jam
805 3178 1062 3255 portam
1085 3178 1556 3266 occupaverant
1572 3157 1886 3255 oppreffis
1917 3158 2296 3231 custodibus
2320 3213 2341 3247 ,
2389 3164 2466 3231 &
2500 3187 2540 3233 a
2591 3162 2714 3237 'uti

552 3257 953 3347 uniusatque
969 3250 1227 3323 alterius
1252 3274 1416 3325 intra
1433 3251 1657 3323 urbem
1679 3250 2096 3326 conscientia.
2160 3254 2291 3334 Sed
2310 3278 2533 3334 navem
2606 3277 2713 3328 te-

545 3369 686 3421 ram
708 3399 729 3431 ,
750 3367 1013 3417 centum
1031 3344 1323 3417 onustam
1342 3346 1653 3417 militibus
1676 3400 1697 3432 ,
1741 3367 1970 3419 ventus
1990 3351 2323 3426 remittens
2344 3348 2714 3447 vadumque

545 3442 612 3509 in
637 3464 824 3510 amne
863 3440 1140 3511 detinuit
1182 3463 1200 3507 :
1237 3461 1433 3537 atque
1468 3443 1729 3515 interim
1764 3437 2147 3513 clarescente
2164 3467 2354 3516 mane
2389 3437 2709 3543 oppidani
2752 3444 2773 3465 ⁶

544 3553 1008 3615 concurrerant
1030 3586 1050 3618 ‚
1100 3537 1510 3629 primumque
1540 3555 1799 3630 portam
1830 3539 2201 3618 interiorem
2245 3537 2711 3612 obmoliebnn.

547 3645 696 3706 tur:
724 3648 863 3698 tum
886 3627 1068 3705 ancia
1084 3626 1436 3706 multitudo
1461 3651 1578 3699 eos
1597 3683 1621 3715 ‚
1665 3632 1782 3731 qui
1801 3632 2041 3704 extima
2058 3628 2365 3712 tenebant
2380 3635 2539 3798 §nec
2559 3631 2710 3730 plu-

547 3741 649 3790 res
683 3741 865 3791 erant
904 3724 1422 3819 quinquaginta)
1461 3726 1803 3819 eruptione
1841 3721 2192 3821 depellunt.
2261 3729 2347 3798 Et
2504 3731 2714 3807 ‘entes

552 3826 890 3896 nautarum
907 3837 946 3885 e
967 3812 1266 3886 Leodico
1285 3814 1415 3888 illic
1431 3818 1761 3911 agentium
1789 3816 1931 3891 telis
1955 3819 2357 3915 petebantur.
2542 3822 2712 3895 thies
2744 3887 2750 3902 .

246 3961 427 4021 Hamus
443 3981 513 4027 W
533 3908 806 3980 Hellius
826 3907 1145 3988 occubuit*
1145 3909 1281 4001 jam
1302 3912 1498 3979 tertio
1519 3912 1770 3981 virtutis
1786 3916 2242 4008 experimento
2263 3968 2286 4001 ,
2329 3938 2453 3988 nec
2470 3914 2562 3989 ibi
2584 3919 2715 3987 mi-

207 4033 405 4094 mia.
554 4028 674 4077 nus
689 4026 886 4102 quam
906 4001 1128 4082 Bredae
1153 4001 1613 4112 Nordamique
1625 4000 2024 4120 spectandus.
2051 4007 2355 4114 Cumque
2373 4032 2463 4092 eo
2479 4008 2709 4182 s‘ffl‘}
2738 4085 2745 4094 .

741 4307 786 4360 0
