2900 4628
547 164 679 255 298
936 161 1622 233 *nvcomts
1731 161 2263 233 GRoTll

272 291 481 365 1597.
549 275 758 371 copiae
792 267 1211 344 Othmarsum
1233 278 1310 344 δε
1340 256 1778 363 Qldensaliam
1795 277 2065 370 petiere.
2141 267 2425 341 Priscam
2457 265 2702 366 oppidi

220 376 518 523 mmm,
550 372 887 476 utriusque
907 368 1229 474 originem
1264 390 1300 436 a
1322 364 1961 476 Mariis‘Scaliisqueu(
1978 365 2190 475 haud-i
2229 463 2242 474 ο
2283 363 2494 435 obiles
2520 367 2706 526 Geg-

140 542 146 549 ·
218 467 420 622 ἵει-Ἧι
442 508 521 623 ψ’
548 483 883 641 3333?
888 455 2144 652 2⁰Jzfi²¹3232122232¹2132⁵0¹33333
2134 459 2703 648 amffisszlssoe:

212 610 519 741 &⁸325ss
550 651 856 731 tulimus,
901 648 1228 724 redditum
1269 671 1438 720 nunc
1479 646 1725 718 statim:
1776 672 1897 719 nec
1930 671 2183 719 moram
2222 645 2702 755 militesfacie-

221 753 339 814 risus.
547 745 705 817 bant
731 797 753 830 ‚
791 740 896 813 sed
913 742 999 815 ab
1017 742 1198 814 hoste
1235 747 1728 841 impetraverant
1751 795 1774 829 ,
1818 763 1890 815 ut
1921 745 2165 814 moenia
2178 760 2519 812 tormentis
2537 762 2701 848 per·

540 836 851 911 cutiendo
896 832 939 909 s
1005 840 1172 908 ciem
1234 857 1500 934 augeret
1564 834 1967 909 neceffitatis.
2048 833 2415 909 Oldenlalia
2465 833 2700 905 triduo

539 931 839 1030 perstitit.
993 955 1098 1001 am
1116 930 1526 1026 circumjecta
1562 930 1821 1028 oppido
1850 931 2008 1006 valla
2023 935 2146 1002 tria
2169 928 2497 1027 foffasque
2532 951 2701 1002 cen-

536 1030 722 1098 turiae
742 1021 845 1097 sex
867 1023 1285 1121 impleverant
1308 1079 1329 1112 ‚
1365 1023 1569 1098 verbo
1591 1048 1693 1096 ma
1745 1028 1792 1096 's
1835 1026 2030 1124 quam
2051 1049 2326 1097 numero
2349 1077 2372 1110 ,
2417 1021 2524 1097 sed
2593 1047 2698 1094 uae

534 1141 785 1194 veteres
821 1116 1287 1214 stipendiorum
1324 1119 1587 1212 majoris
1609 1048 1989 1194 tuffiaeloco
2006 1116 2134 1192 esse
2158 1139 2485 1216 poterant.
2543 1045 2699 1190 {Ie-

534 1212 735 1287 lerem
776 1212 1175 1293 deditionem
1213 1212 1559 1310 oppidanis
1594 1213 1654 1284 se
1697 1213 2049 1310 gratificari
2090 1212 2559 1311 praeferebant,
2607 1235 2698 1284 ne

537 1306 814 1380 aedificia
833 1306 1014 1378 nullo
1048 1329 1249 1377 morae
1287 1309 1557 1404 praemio
1591 1305 2039 1379 lacerarentur.
2109 1306 2313 1380 Simul
2334 1307 2473 1378 haec
2493 1328 2589 1403 op
2641 1310 2704 1377 i-

535 1400 623 1473 da
656 1396 964 1497 cesserant
1005 1452 1029 1487 ,
1096 1398 1361 1474 decreto
1399 1398 1994 1476 Transifilanorum
2056 1398 2388 1473 Or‘dinum
2430 1331 2702 1495 dejegae

537 1496 933 1567 munitiones
955 1547 977 1582 ,
1066 1496 1168 1569 uia
1192 1490 1506 1589 perficere
1526 1493 1697 1569 haud
1737 1495 1802 1567 di
1855 1518 2009 1568 num
2034 1545 2057 1580 ,
2094 1499 2170 1566 δι
2190 1516 2397 1566 metus
2415 1514 2555 1565 erat
2575 1548 2598 1581 ,
2616 1518 2703 1569 ne

537 1587 627 1661 fic
663 1588 901 1663 reliffae
938 1586 1028 1659 ho
1085 1590 1107 1665 i
1146 1586 1425 1660 reditum
1464 1586 1714 1660 darent.
1847 1614 1964 1662 nus
2009 1589 2220 1660 adhuc
2245 1643 2267 1676 ,
2316 1586 2423 1661 sed
2460 1589 2701 1663 arduus

586 1685 909 1787 ropinqua
943 1683 1075 1781 jam
1096 1681 1333 1787 hyeme
1357 1736 1379 1771 ,
1427 1681 1701 1760 restabat
1724 1682 1909 1755 labor
1930 1736 1953 1769 ‚
1998 1704 2136 1777 quo
2151 1707 2355 1769 omne
2393 1681 2710 1779 dextrum·

531 1707 761 1873 Rheni·
773 1777 936 1855 latus
956 1795 1314 1875 pacaretur,
1382 1778 1564 1855 Nam
1586 1777 1854 1874 parsilla
1897 1774 2263 1852 Germanii:
2286 1830 2308 1865 ,
2353 1800 2503 1873 quae
2545 1801 2702 1851 cum

540 1870 761 1970 Belgis
799 1876 868 1945 in
906 1892 1148 1949 nomen
1185 1874 1659 1969 imperiumque
1693 1870 1933 1944 coaluit
1959 1925 1981 1960 ,
2025 1872 2107 1947 ad
2145 1868 2349 1945 solem
2373 1876 2702 1947 orientem

541 1966 799 2039 accolas
817 1965 1225 2062 Wcstpbalos
1244 2020 1268 2055 ,
1295 1971 1371 2037 δε
1399 1988 1606 2065 prope
1621 1964 2151 2057 littusEmdanos
2178 1967 2399 2041 habet.
2465 1971 2547 2039 In
2566 1967 2708 2065 hoc,

313 2088 328 2104 ·
384 2105 473 2149 a„
543 2060 841 2134 confinio
879 2062 1090 2157 Linga
1123 2060 1256 2148 est,
1302 2081 1478 2132 trans
1515 2059 1842 2133 Amafium
1868 2059 2147 2149 flumen3
2193 2059 2710 2226 Toelenbonffiiae'

231 2094 427 2241 ᾖ.
546 2156 783 2228 domus
799 2155 1179 2226 haereditas:
1225 2153 1334 2228 {ed
1358 2159 1446 2226 im
1535 2174 1712 2226 rator
1733 2154 2007 2227 Carolus
2040 2210 2063 2244 ‚
2111 2178 2249 2254 quo
2273 2156 2451 2229 bello
2472 2154 2512 2225 f
2620 2179 2706 2235 us,

546 2248 1037 2330 Smalcaldicum
1156 2248 1343 2321 rculit
1368 2303 1390 2334 ,
1609 2250 1894 2325 'miliano
1946 2250 2208 2326 Burcnfi
2244 2255 2313 2322 in
2352 2252 2708 2349 praemium,

542 2343 789 2427 militiae
839 2272 1201 2432 conceifaem
1235 2339 1684 2446 posseffionem
1728 2345 1879 2419 inde
1910 2349 1978 2419 in
2013 2343 2079 2417 fi:
2102 2365 2416 2430 traxerat3
2459 2342 2702 2415 avidus·

541 2435 903 2516 transeundi
962 2456 1203 2515 veteres
1238 2444 1554 2509 terminos
1573 2493 1594 2525 ,
1645 2459 1718 2509 ut
1755 2443 1829 2509 &
1875 2440 2295 2513 interioribus
2329 2435 2706 2537 praefidium'

540 2529 928 2609 obtenderet
946 2584 969 2619 ,
1024 2536 1100 2600 &
1185 2536 1544 2604 romineret
1585 2531 1717 2631 ipse
1752 2537 1823 2608 iu
1855 2537 2059 2642 ripam
2093 2535 2467 2606 ulteriorem
2492 2585 2515 2620 ,
2561 2540 2708 2635 qua,

541 2624 997 2720 Hamburgum
1016 2631 1091 2695 &
1172 2650 1344 2697 rema
1366 2631 1733 2702 Germaniae
1765 2631 2085 2701 mantima
2104 2629 2443 2702 adeuntur.
2514 2625 2699 2700 Civi-

544 2718 626 2794 lia
743 2742 773 2789 r
805 2741 982 2789 arma
1021 2720 1497 2798 Araufionenfis
1517 2775 1544 2810 ,
1592 2746 1730 2820 quo
1755 2745 1886 2794 tem
1984 2746 2054 2796 re
2088 2724 2430 2824 Belgarum
2467 2716 2700 2792 secun-

542 2741 810 2883 dissffiis
827 2811 1048 2886 studiis
1064 2815 1402 2903 utebatur,
1445 2820 1613 2890 inter
1631 2837 1859 2889 caetera
2009 2816 2291 2891 curbem
2327 2818 2702 2913 regionem-

544 2927 676 3006 que
705 2902 888 2979 dono
919 2919 1281 3010 acceperat.
1350 2914 1578 3009 Lingae
1616 2911 1784 2984 haud
1820 2916 2017 2984 nimia
2054 2910 2395 2983 firmitudo
2422 2962 2444 2997 ,
2488 2905 2708 3006 quan-⁶

546 3023 741 3094 quam
786 3002 1149 3080 fridericus
1194 3028 1402 3100 nuper
1453 3005 2000 3103 Herenbergenfis
2043 3004 2389 3102 trarnsfirgae
2443 3002 2701 3078 indicio

594 3093 892 3166 raelocare
912 3101 1306 3170 munimenta
1334 3120 1651 3198 coeperat.
1719 3105 1861 3172 Arx
1881 3098 2150 3172 validior
2167 3097 2479 3173 dimidios
2502 3102 2568 3171 in
2585 3121 2702 3168 or-

631 3212 659 3257 s
680 3211 960 3297 quatuor
980 3195 1118 3290 pari
1154 3192 1359 3288 spatio
1379 3192 1698 3267 tinuatur:
1739 3194 2099 3292 praefidium
2116 3194 2186 3267 id
2202 3194 2523 3288 temporis
2554 3191 2699 3263 sex-

542 3304 912 3356 tenuerant
932 3339 953 3371 ‚
1003 3285 1248 3382 pedites
1289 3288 1621 3386 plerique,
1668 3288 1969 3360 modicus
1990 3312 2192 3385 eques
2217 3340 2240 3376 ,
2284 3284 2392 3360 sed
2410 3285 2536 3358 flos
2554 3295 2710 3378 notr

543 3373 743 3456 dubie
782 3385 1057 3474 partium
1099 3386 1442 3479 regiarum.
1511 3382 1735 3454 Plures
1773 3407 1855 3454 ne
1893 3383 2306 3459 contraheret
2325 3435 2347 3470 ,
2395 3381 2713 3453 obstabat·

533 3469 968 3564 iuramentum
990 3527 1011 3561 ‚
1056 3499 1195 3579 quo
1222 3530 1241 3562 ,
1287 3480 1401 3571 qui
1418 3480 1735 3576 proximis
1769 3480 2053 3549 exierant
2072 3474 2382 3575 oppidis,
2418 3476 2712 3560 milit-are=

544 3585 719 3657 trans
748 3569 1053 3650 Rhenum
1079 3579 1242 3644 intra
1262 3589 1392 3650 tres
1432 3571 1673 3652 menses
1708 3572 2109 3648 vetabantur.
2190 3574 2451 3644 Notant
2477 3624 2499 3656 ,
2597 3571 2697 3639 ui-

543 3655 669 3739 bus
692 3681 1021 3753 promtum
1043 3685 1121 3735 ex
1140 3684 1371 3747 eventu
1396 3685 1572 3740 retro
1586 3665 1876 3760 judicare
1901 3719 1922 3751 ‚
1968 3666 2202 3744 rectius
2234 3665 2523 3743 faeluros
2572 3660 2697 3744 uis·

378 3783 393 3796 ·
540 3747 605 3832 se
630 3752 951 3863 Hispanos
978 3809 999 3841 ,
1045 3759 1313 3851 quando
1346 3783 1756 3857 perrumpere
1787 3759 2034 3840 obfidia
2067 3758 2208 3858 spes
2229 3758 2399 3836 nulla
2416 3779 2554 3840 erat
2574 3810 2597 3846 ‚
2644 3756 2718 3834 fi'

542 3844 798 3926 nudatis,
836 3852 1084 3920 caeteris
1110 3853 1174 3920 in
1197 3875 1395 3934 unum
1438 3854 1660 3934 locum
1695 3858 1864 3932 vires
1903 3852 2360 3937 contraxissent
2398 3875 2420 3931 t„
2469 3876 2645 3934 nuuc
2670 3905 2693 3940 a

542 3944 791 4019 exteris
813 3942 1081 4038 perditis
1102 3998 1123 4031 ,
1174 3945 1303 4043 ipse
1320 3949 1373 4017 F
1374 3947 1681 4028 ridericus
1707 3948 1831 4021 huc
1854 3945 1915 4019 se
1948 3949 2313 4034 contulerat
2333 4002 2355 4035 ‚
2402 3973 2529 4046 pro
2545 3949 2698 4026 ulti-

541 4059 658 4117 mo
697 4036 1090 4145 ptaefesturae
1131 4044 1534 4134 munimento
1551 4042 1799 4125 eunetis
1816 4043 2059 4124 viribus
2091 4064 2487 4137 certaturus5
2534 4044 2710 4152 ade--²

2413 4156 2686 4240 suntque
