2900 4628
301 225 1463 321 ‘HISTORIARVM
1544 249 1788 317 Ltss.
1872 248 2008 322 lx.
2132 252 2300 341 1389

147 360 305 435 olim
350 358 618 433 foederis
657 357 1256 445 reminiscerentur,
1309 382 1452 456 quo
1492 364 1730 457 pariter
1763 358 2054 431 adversus
2089 380 2303 432 exter-
2366 382 2577 453 1600,

147 480 296 526 nam
341 456 860 525 dominationem
894 450 1351 548 conjurassent.
1438 455 1508 526 Si
1553 479 1686 524 non
1741 454 2110 526 volentibus
2142 453 2307 554 ⁴esset
2346 481 2353 488 ·

145 547 402 622 servitus
423 602 445 633 ,
496 571 579 619 ne
598 546 972 619 dubitarent
992 571 1216 619 manus
1234 569 1529 643 opesque
1550 548 1867 620 conferre.
1937 552 2120 640 Qae
2136 548 2306 621 adeo

73 645 96 680 ⁸
145 643 303 715 nihil
325 642 699 727 valuerunt,
745 641 993 713 duratis
1031 645 1098 714 in
1134 640 1367 713 odium
1391 647 1621 712 animis
1644 696 1666 729 ‚
1720 662 1791 712 ut
1811 639 2162 713 recusatum
2201 643 2340 722 ba-.

144 737 365 808 &enus
403 735 772 834 praefidium
809 733 1165 834 Brugenles
1200 756 1338 807 tum
1376 740 1657 831 primum
1679 736 1764 808 ab
1800 736 2080 808 Alberto
2118 760 2311 809 acce-

144 835 359 930 perint
388 885 410 917 ,
459 824 1104 928 praetergressumque
1138 835 1499 902 exercitum
1523 828 1820 903 lacessere
1841 834 2138 903 cominus
2170 857 2341 916 nou,

141 925 270 998 aufi
293 929 639 997 tormentis
677 923 1087 1009 infestarent,
1139 947 1311 1020 quan
1364 949 1512 996 uam
1559 923 1682 998 levi
1720 949 1916 996 noxa.
1992 924 2308 997 Profecto

140 1019 296 1091 inde
330 1018 630 1091 Iabecam
663 1022 977 1090 Mauritio
1020 1015 1289 1089 affertur
1365 1017 1637 1091 esertum
1670 1019 1755 1090 ab
1792 1017 2149 1098 Albertinis
2189 1021 2310 1090 Al-

140 1111 461 1211 denburgi
479 1112 832 1199 castellum,
859 1112 1138 1211 pariade
1165 1111 1562 1185 Plassendalo
1585 1168 1607 1200 ,
1629 1114 1987 1186 Sna‘skerka
2011 1172 2033 1198 ,
2056 1119 2131 1185 &
2151 1117 2309 1185 Bre-

141 1205 395 1279 dcneda
417 1209 895 1279 nuntiabantur.
963 1210 1086 1278 His
1122 1211 1188 1277 in
1209 1206 1372 1279 locis
1396 1263 1419 1296 ‚
1473 1229 1610 1279 tum
1631 1208 1677 1281 fi
1699 1231 1827 1304 qua
1847 1208 1967 1279 alia
1990 1208 2084 1279 ob
2105 1229 2311 1280 trans-

140 1302 307 1374 itum
325 1323 696 1399 oportuna,
744 1299 1030 1400 praefidia
1070 1301 1332 1397 reliquit
1356 1356 1378 1388 ,
1428 1323 1668 1399 quanta
1690 1304 1985 1375 modicas
2027 1302 2310 1375 hostium

142 1402 369 1492 copias
418 1394 787 1493 propulsare
823 1396 1182 1468 sufficerent
1203 1449 1224 1483 ,
1271 1402 1608 1494 magisque
1639 1417 1709 1467 ut
1729 1396 2007 1469 hostium
2043 1397 2311 1469 consilia
2396 1449 2399 1454 -

142 1489 659 1587 specularentur,
710 1494 785 1561 δε
823 1491 1155 1586 explorata
1194 1490 1553 1588 perferrent
1582 1545 1603 1579 ,
1651 1494 1903 1563 incerto
1934 1490 2093 1588 quid
2175 1517 2309 1564 ara·
2350 1525 2355 1530 ·

140 1606 284 1657 rent
308 1641 326 1669 ‚
380 1609 529 1655 cum
549 1585 781 1679 justum
814 1591 1171 1655 exercitum
1190 1601 1387 1657 nemo
1405 1585 1804 1684 exspectaret
1842 1610 1880 1657 a
1901 1517 2309 1658 discordibus
2394 1615 2395 1620 ¹

145 1684 218 1750 &
236 1678 539 1751 turbidis.
607 1679 956 1762 Solmenfis
996 1703 1147 1750 cum
1171 1684 1358 1770 tertia
1391 1683 1721 1752 exercitus
1745 1700 1922 1776 parte
1944 1677 2310 1754 Ostendam

144 1780 369 1872 praeire
378 1771 581 1868 jussus
604 1828 626 1859 ,
673 1772 970 1845 deduffls
990 1777 1056 1844 in
1077 1775 1399 1871 oppidum
1421 1773 1798 1850 Ordinuml
1923 1779 2005 1845 tis
2032 1828 2052 1860 ,
2073 1776 2313 1847 ubitu-

144 1874 268 1958 tius
296 1870 379 1942 de
416 1869 725 1941 ulteriore
769 1866 925 1939 belli
973 1866 1706 1942 rationeconfizltarent
1733 1922 1753 1953 ‚
1803 1892 1851 1939 o
1900 1868 2057 1940 fidet
2095 1872 2309 1939 muni-

129 1984 438 2040 ‚mentum
535 1960 673 2032 uod
716 1963 960 2034 milites
1004 1960 1260 2033 Alberti
1291 1984 1374 2033 ex
1410 1961 1597 2035 ducis
1643 1967 1910 2034 nomine
1943 1962 2312 2060 appellave-

143 2075 315 2127 rant.
391 2056 480 2142 1de
568 2054 785 2128 stenda
803 2055 982 2126 horae
1000 2057 1229 2127 itinere
1247 2054 1422 2129 abest
1453 2110 1476 2143 ‚
1525 2059 1957 2153 Neoportum
1977 2053 2316 2127 versusin-
2374 2089 2375 2092 ¹

143 2169 247 2223 ter
264 2147 568 2222 arenosos
595 2150 837 2222 littoris
856 2150 1110 2222 colles.
1138 2153 1313 2221 Hinc
1337 2152 1768 2248 Neoportum
1789 2150 2317 2248 profectusssun-

139 2244 247 2323 &a
271 2244 603 2318 obfidioni
639 2264 823 2340 parat
844 2297 866 2330 ,
912 2247 1249 2342 occupatis
1270 2245 1354 2327 ad
1397 2239 1663 2344 portum
1685 2246 2143 2333 munimentiS,
2194 2249 2313 2343 qui

139 2338 350 2438 longo
387 2341 595 2411 tractu
617 2339 979 2436 proculque
1017 2341 1274 2436 oppido
1293 2345 1455 2413 mari
1492 2340 1877 2413 advolvitur.
1949 2343 2139 2414 Brevi
2158 2363 2312 2411 cum

143 2458 383 2507 caetero
403 2430 743 2532 copiarum
765 2436 1078 2529 Princeps
1098 2433 1307 2505 adsuit
1327 2489 1349 2521 ,
1371 2436 1695 2508 cindlurus
1715 2435 2036 2533 oppidum
2058 2488 2079 2521 ,
2102 2458 2313 2530 quan-

144 2548 286 2602 tum
305 2530 436 2600 loci
452 2532 786 2627 ingenium
807 2526 1080 2600 ferebat.
1147 2529 1354 2601 Omni
1374 2531 1505 2602 hoc
1526 2534 1757 2609 itinere
1780 2530 2092 2601 militibus
2123 2527 2310 2624 quod
2368 2558 2371 2563 ·

142 2620 346 2697 effent
372 2624 556 2711 fitis,
602 2642 801 2720 potus
822 2626 1043 2720 inopia
1062 2620 1186 2694 fuit
1228 2646 1250 2692 ε
1300 2648 1454 2695 nam
1471 2645 1757 2697 armenta
1776 2624 1996 2721 paffim
2021 2648 2159 2720 rapi
2182 2624 2313 2693 ob-

143 2723 248 2794 via
273 2772 296 2805 ‚
341 2722 561 2792 vinum
586 2770 607 2804 ,
658 2715 919 2789 cervisia
954 2740 1146 2813 parce
1182 2715 1607 2813 sequebantur
1628 2773 1650 2805 ‚
1705 2744 1827 2792 nec
1863 2716 2111 2815 semper
2144 2739 2314 2812 aqua

142 2811 365 2884 aderat
389 2865 410 2899 ,
457 2834 652 2909 quam
684 2810 1122 2883 coenulentam
1145 2814 1401 2884 &limo
1433 2811 1761 2886 sordidam
1797 2813 1976 2884 filere
2018 2815 2133 2908 qui
2153 2836 2315 2882 con-

142 2909 480 3004 quirerent
506 2959 528 2993 ,
575 2904 888 3001 avideque
934 2906 1327 2978 haurirent.''
1355 2909 1748 3006 Prorogavit
1830 2909 2118 2980 enuriam
2152 2905 2315 2975 lixa·-

143 3026 294 3073 rum
341 2999 624 3085 malu‘tn,
669 3023 956 3095 quorum
999 3004 1230 3097 viginti
1274 3004 1419 3073 navi
1470 3005 1527 3073 ia
1584 3006 1628 3074 S
1682 3008 1794 3074 ino
1818 3024 1956 3073 anae
2003 3023 2192 3073 naves
2240 3002 2308 3070 in

143 3099 316 3168 mari
351 3099 795 3192 corripuerant
820 3146 841 3181 ,
886 3091 1173 3191 ipsorum
1222 3116 1419 3167 vecor
1470 3101 1526 3166 ia
1550 3150 1572 3182 ‚
1663 3122 1770 3167 um
1807 3092 2059 3165 classem
2102 3092 2315 3191 praefi·

146 3190 273 3260 dio
303 3188 513 3261 datam
530 3187 892 3285 exspectare
929 3185 1186 3285 insuper
1204 3187 1448 3259 habent
1471 3241 1493 3275 ,
1537 3212 1677 3283 quo
1693 3191 1939 3261 lucrum
1970 3190 2108 3260 aliis
2140 3211 2312 3285 prae-

144 3304 471 3358 verterent
493 3318 515 3372 3
563 3283 683 3356 levi
724 3285 792 3353 in
829 3282 1167 3380 publicum
1204 3283 1450 3354 damno
1475 3304 1505 3369 ‚·
1547 3308 1666 3363 nec
1703 3286 1899 3381 longa
1938 3306 2135 3381 penes
2183 3283 2311 3353 ho·-

143 3379 310 3451 stem
329 3378 538 3476 gloria
583 3402 602 3447 :
650 3381 899 3473 quippe
919 3375 1121 3447 class'is
1137 3375 1283 3474 post
1318 3375 1654 3473 congressa
1671 3377 2085 3452 Warmoudo
2115 3374 2310 3463 duce,

49 3520 50 3525 κ
142 3496 395 3546 coorto
428 3491 693 3571 repente
708 3491 903 3545 vento
926 3524 950 3557 ,
996 3490 1187 3544 naves
1214 3470 1328 3543 nisi
1348 3492 1653 3570 torpente
1671 3474 1848 3544 coelo
1865 3473 2122 3559 inutiles
2142 3469 2337 3571 mul--

140 3589 213 3643 ta
236 3567 416 3642 caede
450 3569 830 3641 cruentavit.
896 3569 1072 3658 QO
1117 3586 1248 3654 tem
1344 3590 1414 3637 re
1458 3586 1561 3638 res
1601 3572 1812 3658 evenit
1859 3589 2066 3656 nova,
2090 3582 2091 3585 ’
2114 3585 2185 3636 ut
2206 3589 2313 3636 re-

102 3697 108 3702 ·
141 3667 403 3827 milgum
423 3687 585 3734 unus
608 3715 631 3749 ‚
679 3680 871 3759 gente
903 3664 1124 3731 Turca
1153 3713 1174 3747 ,
1287 3659 1403 3732 obi
1416 3662 1596 3757 jafssu
1624 3717 1644 3750 ‚
1693 3655 2064 3756 illaesusipse
2091 3714 2110 3747 ,
2158 3660 2306 3732 vin-

143 3763 317 3829 cuis
352 3764 782 3842 eximeretur,
827 3758 1122 3850 marique
1157 3779 1194 3825 a
1262 3758 1538 3828 Batavos
1578 3777 1898 3845 tranatans
1934 3779 2048 3851 per
2135 3774 2314 3826 tuam

140 3874 501 3924 aerumnam
545 3850 720 3924 felici
767 3854 1134 3923 temeritate
1178 3850 1499 3922 evaderet.
1597 3856 1772 3923 Inter
1818 3851 1957 3923 haec
2000 3854 2060 3920 A
2088 3849 2310 3921 bertus

38 4016 48 4031 ,
139 3967 498 4041 comperto
527 3999 547 4034 ‚
595 3970 729 4021 non
766 3945 1244 4018 tumultuariam
1283 3969 1543 4016 manum
1604 3949 1672 4018 in
1719 3947 2001 4043 praedam
2047 3943 2262 4016 exiisse
2290 3966 2314 4013 ε

138 4039 262 4116 sed
306 4041 492 4112 ducis
530 4065 597 4112 re
651 4046 816 4135 fmen
841 4096 862 4128 ,
912 4062 1111 4133 omne
1156 4036 1305 4112 belli
1342 4041 1547 4112 robur
1580 4039 1709 4112 effe
1740 4040 1927 4147 quod
1951 4039 2312 4112 Flandriam'

138 4157 402 4240 peteret
425 4189 449 4227 ,
495 4064 665 4237 ips?
662 4140 917 4237 imperii
941 4130 1209 4302 visceraB
1203 4132 1499 4301 ‚bomilia
1521 4141 1705 4223 omni
1744 4138 1853 4235 spe
1882 4135 2001 4210 alia
2027 4187 2050 4223 ,
2085 4136 2316 4296 copciias

592 4288 598 4294 .
1329 4253 1365 4327 3
2118 4249 2209 4296 un
2257 4248 2318 4297 1-
