2900 4628
316 233 1693 315 H18TOR1A›RVM'L1B.
1776 246 2028 337 xvh
2126 250 2246 340 5'13

108 365 237 421 tum
252 350 734 447 excipias,velut
752 366 1064 447 perpetua
1076 349 1149 444 ju
1203 347 1430 431 'facies
1469 344 1580 421 sed
1591 348 1936 424 diremtum
1953 352 2258 423 Herculis
2323 356 2533 451 1607,

106 441 315 518 labore
334 445 604 517 tradidit
623 498 644 531 ,
683 463 754 513 ut
774 486 798 527 5
831 442 1014 539 quod
1038 467 1151 513 mo
1174 466 1212 514 e
1232 441 1338 513 sua
1361 443 1426 514 su
1478 446 1820 532 movebat,
1869 447 2136 548 pelagus
2156 446 2265 518 ad·
2499 494 2501 503 ‚

107 544 378 611 mitteret
406 562 426 608 t
467 539 637 610 unde
668 540 970 609 Herculis
1009 538 1348 610 columnas
1367 537 1499 610 dici
1529 539 1958 640 abruptorum
1998 541 2267 627 milium

107 633 340 705 ultima.
411 633 626 731 Calpe
643 651 825 706 vetus
862 630 1248 705 vocabulum
1282 633 1514 705 manfit
1531 688 1552 721 ‚
1579 635 1798 707 donec
1814 636 2031 707 vietor
2055 633 2270 706 Arabs

105 725 201 799 fisa
222 729 411 801 rebus
432 731 698 799 nomina
717 724 1042 823 imposuit.
1090 728 1265 819 Qo
1280 730 1458 798 enim
1493 731 1796 825 tempore
1827 731 2124 806 Saraceni
2144 732 2272 800 nd-

103 826 273 894 vitati
294 825 754 894 Mahutneticae
776 820 1234 917 superstitionis
1273 844 1447 901 arma
1468 824 1820 919 adjunxere
1844 877 1864 910 ,
1900 829 2149 921 primus
2166 840 2269 893 re-

97 917 397 1015 gulorum
437 916 725 988 Africam
767 919 1126 987 tenentium
1157 914 1383 986 Moses
1410 969 1430 1002 ‚
1478 921 1754 989 Nuziris
1789 918 1963 995 filius
1995 922 2042 990 e'
2068 932 2267 1016 gente

98 1012 698 1095 Maravadinarum,
735 1014 802 1083 iu
822 1009 1192 1107 Hispaniam
1208 1011 1465 1105 trajecit
1488 1067 1511 1098 ,
1555 1017 1802 1085 comite
1840 1015 2078 1099 Tarica
2115 1011 2267 1083 Ab·

100 1096 276 1179 ddllae
292 1108 456 1192 filio,
485 1109 598 1201 qui
615 1108 912 1177 crematis
932 1103 1196 1196 navibus
1220 1157 1240 1189 ,
1264 1126 1345 1173 ne
1369 1102 1429 1174 se
1447 1105 1629 1177 miles
1654 1105 1966 1199 desereret
1989 1161 2009 1195 ,
2028 1104 2263 1195 cumst

99 1202 341 1300 Calpen
374 1208 543 1274 intra
593 1196 1009 1272 commififfet
1042 1251 1065 1285 ‚
1107 1195 1569 1271 Gibaltaricam
1609 1202 1832 1273 locum
1871 1202 2264 1299 appellavit,
2382 1256 2386 1267 .

96 1319 230 1393 quo
263 1301 469 1369 Mons
500 1296 760 1383 Taricae
798 1296 1087 1365 Arabum
1117 1295 1351 1389 lingua=
1379 1293 1777 1393 fignificatur
1808 1319 1828 1365 ε
1868 1296 2055 1393 quod
2089 1317 2264 1367 nunc

96 1396 457 1493 corruptius
478 1389 740 1486 Hispani
758 1387 1191 1462 Gibraltaram
1212 1392 1658 1485 prwntiant.
1711 1386 1810 1462 Ita
1831 1407 2152 1477 montem,
2173 1392 2267 1469 ita

97 1484 321 1558 urbem
341 1504 576 1559 vocant
597 1480 922 1555 Carteiam
948 1538 971 1572 ,
1010 1484 1174 1553 olim
1189 1483 1434 1553 montis
1455 1483 1780 1556 radicibus
1802 1480 2066 1558 adfitam
2089 1531 2110 1572 ‚
2132 1506 2266 1591 qua

95 1580 202 1654 ille
218 1598 255 1668 ‚‘
280 1578 342 1653 se
357 1582 587 1652 theatri
606 1583 672 1650 in
696 1577 972 1677 speciem
992 1600 1223 1651 cavans
1254 1629 1275 1662 ,
1321 1573 1532 1646 finum
1555 1580 1823 1652 navibus
1842 1578 1998 1651 iacit
2018 1610 2041 1665 3
2076 1596 2265 1674 ’cujus

89 1672 798 1840 cornuHa'lterumfltggd
806 1672 1213 1836 ilissi-lanticutu
1233 1676 1497 1835 izm'aff:
1514 1676 2018 1838 prottrginetssrce
2033 1671 2265 1838 infige-

81 1784 214 1842 τοι.
337 1795 424 1841 oc
462 1789 631 1842 mter
751 1787 801 1836 it
874 1788 1023 1836 1mae
1055 1789 1129 1836 ru
1182 1790 1233 1835 is
1317 1788 1422 1836 rac
1472 1789 1532 1837 ia
1571 1787 1643 1838 tu
1759 1791 1950 1840 mans
1989 1790 2097 1838 rec
2188 1790 2230 1837 u

76 1791 2270 2029 -5{2522222052522222⁶25355„¹;z{35¹10025235„ffi221552;32m250¹332}

18 2127 25 2131 ‚
86 2053 272 2122 &um
292 2008 652 2122 Iohannem
691 2049 988 2122 Alvarem
1025 1975 1614 2132 Avilanfl’erebatff
1651 1981 2071 2122 benicaealiaf
2072 2070 2265 2122 naves

82 2166 378 2243 quatuor
397 2177 421 2232 3
445 2166 584 2216 tum
602 2142 1133 2215 Lubecenfisuna
1157 2146 1222 2212 in
1311 2167 1413 2230 ns,
1439 2146 1513 2213 δι
1532 2144 2101 2239 quatuor'Gallicae
2123 2146 2265 2239 pri-

80 2245 395 2312 vatorum
417 2293 440 2328 ‚
486 2237 683 2311 sedin
705 2235 847 2308 usus
867 2235 1168 2335 publicos
1182 2165 1542 2334 affiempus
1564 2233 1847 2309 assumtae
1888 2262 1909 2309 ε
1949 2241 2267 2310 Batavicae

80 2356 404 2436 praeterea
429 2354 865 2406 mercatorum
896 2353 1027 2424 tres
1064 2350 1271 2429 captae
1292 2333 1491 2405 bello.
1541 2334 1998 2406 Machinarum
2027 2343 2266 2405 ‘nauta-

79 2453 372 2527 rumque
394 2435 487 2502 vis
510 2452 769 2526 magna,
792 2429 1066 2500 multum
1092 2429 1166 2496 &
1184 2426 1469 2522 clafflarii
1485 2428 2125 2528 militis,au&umque
2145 2450 2265 2499 vo-

73 2528 362 2598 luntaria
402 2524 719 2596 nobilium
758 2546 948 2593 manu
976 2576 996 2608 ,
1020 2522 1135 2615 qui
1154 2573 1177 2606 ,
1197 2519 1376 2594 fimul
1396 2520 1688 2596 Gadibus
1709 2546 1787 2594 ac
1807 2527 2092 2619 Luciferi
2107 2520 2265 2618 fano

72 2618 465 2714 conspezstas
481 2617 759 2690 hostium
776 2630 966 2689 naves
988 2614 1409 2689 nunciabatur
1430 2670 1454 2703 ‚
1479 2616 1635 2688 fidei
1655 2621 1722 2688 in
1741 2619 1992 2717 Regem
2008 2621 2269 2692 virtuti-

74 2738 227 2812 que
247 2713 642 2784 ostentandae
659 2713 868 2782 crebri
887 2708 1360 2783 confluxerant.
1414 2705 1828 2810 Septingenti
1868 2721 1962 2785 in‘
2008 2715 2268 2812 raetoria

76 2829 278 2880 erant
295 2808 530 2879 milites
552 2838 575 2892 3
616 2805 700 2876 ab
717 2806 837 2876 hac
852 2806 1055 2903 altera
1090 2807 1285 2904 paulo
1311 2809 1524 2888 minus
1542 2812 1940 2905 quingentos
1960 2737 2265 2878 Eabebat.
2315 2847 2326 2860 κ

78 2898 422 3001 Ingressus
436 2903 575 2996 jam
603 2900 841 2971 fretum
878 2921 1001 2970 nee
1022 2923 1025 2924 ⁷
1047 2899 1279 2998 procul
1322 2899 1687 2998 Calpetano
1724 2900 2270 2971 finu‘Hemsker-

70 3000 243 3070 kias
270 3048 290 3082 ‚
328 2999 577 3069 vocatis
597 2998 661 3065 in
686 2991 1021 3067 confilium
1057 2999 1313 3067 navium
1334 2993 1634 3065 ducibus.
1657 2996 1817 3086 Qa
1838 2995 1920 3065 de
1938 2993 2117 3065 caula
2138 2994 2269 3064 huc

81 3111 364 3164 ventum
387 3092 461 3163 fit
478 3086 673 3176 stitis,
694 3091 931 3185 inquit,
956 3092 1459 3182 commilitones,
1512 3087 1704 3159 Clara
1722 3088 2009 3186 patribus
2034 3087 2269 3180 nostris

87 3205 286 3283 parta
304 3188 457 3256 mari
479 3182 717 3253 decora
744 3236 763 3268 ,
804 3180 910 3254 sed
936 3183 1139 3255 domi.
1190 3183 1498 3280 Populati
1518 3182 1659 3255 sunt
1680 3179 1950 3273 insulas‘,
1991 3179 2269 3255 'claustre

70 3300 381 3446 ‘32'1351‘232’
402 3276 1373 3469 ssssfflsssffssssffiss‘ihssliss
1409 3280 2272 3471 ossssssnss'tffssffiu'i'trffffssffil
2352 3401 2357 3412 -

78 3491 245 3540 mus
271 3521 292 3553 ,
315 3465 622 3538 ostensuri
689 3466 943 3537 entibus
967 3521 987 3554 ,
1078 3491 1222 3538 uam
1242 3464 1396 3537 falso
1417 3468 1616 3539 hostis
1633 3473 1699 3538 in
1717 3467 1819 3541 illa
1839 3465 2276 3564 superbiffima

58 3560 440 3635 =titulorum
460 3559 615 3632 serie
706 3583 973 3631 ceanum
995 3561 1038 3634 fi
1092 3566 1111 3632 i
1132 3557 1421 3646 ascribat.
1465 3564 1630 3633 Non
1653 3565 1870 3660 potuit
1889 3564 1970 3633 ad
1993 3562 2274 3660 gloriam

68 3660 319 3756 optari
344 3656 526 3726 locus
544 3654 865 3726 illustrior.
897 3655 1264 3752 ‚spectanda
1286 3658 1468 3727 Deus
1484 3660 1870 3728 Batavorum
1890 3658 2130 3730 robora
2146 3658 2276 3730 sta-

66 3759 226 3825 tuit
245 3755 314 3821 in
334 3750 474 3847 ipso
492 3755 767 3846 Europae
788 3750 1160 3846 Africaeque
1177 3748 1499 3823 confinio.
1538 3755 1713 3822 Hinc
1733 3752 1944 3824 hostes
1964 3752 2139 3853 ipsos
2159 3754 2276 3824 ha·-

17 3909 25 3920 ,
64 3845 406 3922 bebimus
426 3842 804 3916 certiffimos
840 3849 1092 3917 virtutis
1111 3843 1340 3916 nostrae
1360 3843 1486 3918 suis
1501 3844 1789 3918 cladibus
1809 3847 1995 3919 testes
2020 3872 2050 3918 s
2063 3847 2272 3920 altero

68 3949 151 4014 in
178 3933 415 4013 littore
430 3942 667 4009 Turcae
687 3942 1035 4035 Maurique
1060 3939 1221 4023 finnt,
1244 3940 1481 4035 quibus
1501 3946 1609 4016 vix
1626 3940 1826 4013 auditi
1851 3931 2152 4015 hactenus
2172 3949 2274 4014 in·-

73 4030 468 4117 notescere‚
490 4032 600 4105 nifi
621 4052 982 4133 permagno
1002 4035 1447 4110 facinore-non
1471 4035 1801 4108 debemus.
1857 4040 2103 4120 Sumite
2125 4061 2273 4107 mo·

66 4130 183 4201 do
205 4147 337 4204 eos
358 4131 656 4218 animos,
693 4150 865 4223 quos
886 4133 1087 4228 Berga
1105 4130 1315 4295 olimst
1330 4154 1500 4301 Ἕως
1522 4129 2274 4297 Μίάἀεὶὴυτςίιωὲφίιρξ

546 4253 551 4258 ·
2108 4250 2160 4296 ri
2186 4247 2270 4299 ici
