2900 4628
648 235 783 319 440
1079 221 1745 294 choNis
1861 225 2393 296 GRoTrr

357 342 496 413 ‘160
502 363 572 440 3.
651 338 770 412 ber
816 334 977 410 ensis
1014 358 1316 406 curruum
1354 334 1710 430 pofitorum
1729 318 1873 408 valli
1916 329 1981 405 i‘n
2005 329 2277 430 speciem
2302 390 2324 421 ,
2364 333 2787 428 locorumque

650 457 783 533 prae
832 430 945 503 dio
962 428 1023 502 ίέ
1042 433 1248 501 tenuit
1269 482 1289 515 ‚
1463 434 1548 500 'te
1564 437 1814 500 tantum
1830 423 1998 522 juffo
2016 429 2371 525 procedere
2392 483 2414 514 ‚
2443 426 2616 500 unde
2629 426 2786 498 leves

649 549 908 624 pugnae.
977 528 1135 600 Nec
1153 544 1371 594 totum
1449 522 1655 595 ostem
1670 523 1936 620 aggredi
1975 525 2297 595 Mauritio
2332 519 2575 604 visum,
2612 541 2784 608 ante·

646 645 844 717 quam
877 619 1106 691 ennea
1127 616 1240 690 fibi
1258 615 1689 690 aut'hostibus
1727 635 2055 714 oportuna
2071 615 2475 714 exploraffet.
2546 620 2786 687 Hercu·

648 712 971 812 bergensis
998 767 1020 801 ‚
1055 733 1193 785 tum
1212 712 1331 784 alia
1355 766 1376 798 ,
1414 732 1555 783 tum
1579 734 1661 781 ne
1677 731 2045 782 commeatu
2069 711 2599 784 intercluderetur
2618 764 2639 798 ‚
2656 733 2783 780 me-

648 828 835 882 tuens
857 862 877 895 ‚
899 808 1096 879 noeste
1112 804 1379 877 obscura
1397 825 1726 878 tormenta
1748 810 2057 903 primum,
2078 826 2218 877 tum
2236 806 2508 878 militem
2529 804 2786 876 dimittit

295 981 318 996 ..
365 900 625 989 aquabu-
655 897 1090 973 Herentaliam
1109 899 1319 974 versus
1345 954 1367 987 ‚
1396 904 1660 982 retentis
1674 904 1931 980 interim
1947 922 2177 971 contra
2192 900 2440 973 hostem
2463 899 2742 971 excubiis
2759 952 2781 986 ‚

357 978 626 1104 9ψῇζέ
654 1020 794 1094 quo
814 993 1152 1069 discedens
1174 992 1444 1068 falleret.
1513 999 1605 1066 At
1627 994 1737 1065 ubi
1759 993 2096 1065 confilium
2114 994 2255 1066 dies
2269 997 2545 1092 aperuit,
2563 998 2674 1089 qui
2692 1015 2783 1063 at-

289 1112 326 1139 ··
373 1113 380 1116 *⁷
441 1140 463 1176 s
481 1123 578 1174 g..
656 1115 798 1164 cem
819 1110 1156 1162 tenuerant
1180 1145 1202 1178 ‚
1234 1087 1426 1186 primi
1445 1093 1643 1187 tergis
1662 1082 1939 1159 institere
1962 1143 1985 1177 ,
2007 1088 2120 1161 ubi
2135 1087 2328 1160 caesus
2345 1093 2514 1159 inter
2526 1091 2782 1158 caeterbs

327 1190 593 1250 mulium
654 1183 969 1259 Rofiiaeus
997 1239 1019 1272 ,
1052 1185 1215 1257 clari
1234 1209 1352 1283 per
1391 1185 1665 1257 Galliam
1697 1184 2152 1279 Belgicamque
2190 1183 2372 1255 ducis
2409 1181 2581 1254 filius
2602 1235 2625 1268 ,
2664 1176 2785 1277 ipie

328 1259 520 1328 Μ·
658 1301 800 1352 tum
825 1278 1228 1376 Lotharingo
1249 1278 1437 1350 militi
1462 1283 1808 1376 imperans.
1880 1281 2194 1348 Mauritio
2217 1282 2292 1347 &
2308 1276 2428 1374 ipfi
2450 1275 2786 1372 paratosu-
2872 1311 2873 1316 1

706 1378 907 1444 ientes
936 1373 1112 1467 sequi
1134 1396 1387 1443 moram
1427 1371 1674 1469 objecit
1692 1375 1863 1442 rivus
1878 1372 2035 1442 alius
2058 1425 2078 1456 ‚
2119 1377 2191 1442 δε
2213 1372 2319 1442 hic
2338 1371 2511 1443 vado
2553 1369 2786 1443 tranfiri

649 1398 928 1540 difficilis
950 1520 971 1554 ‚
1020 1486 1159 1536 tum
1178 1466 1441 1566 angusta
1461 1467 1883 1563 stagnansque
1912 1465 2182 1536 multum
2196 1470 2340 1550 νίας
2389 1488 2543 1558 cum
2575 1468 2784 1560 equite
2872 1469 2873 1486 ¹

621 1645 625 1650 ,
650 1583 868 1634 tamen
936 1557 1286 1646 raecurrens
1306 1560 1555 1632 bostem
1574 1565 1811 1632 invenit
1819 1563 1956 1657 jam
1971 1580 2119 1630 ante
2139 1556 2463 1630 emensum
2479 1558 2786 1656 angustias

603 1720 647 1735 ,,
696 1586 1018 1728 εῑεηῑίἒυε
1037 1659 1279 1751 campis
1295 1652 1664 1751 explicuisse
1679 1657 1904 1727 aciem.
1969 1656 2052 1724 Et
2073 1676 2445 1751 quanquam
2467 1652 2788 1749 flagranti·

698 1753 856 1820 usin
885 1747 1173 1846 praelium
1194 1747 1682 1840 Hocbstratanis
1702 1803 1725 1835 ,
1764 1768 1897 1818 tam
1918 1747 2256 1834 vindi&ae³‚
2291 1770 2489 1843 quam
2558 1746 2792 1836 roban-

647 1844 751 1916 dae
770 1842 945 1941 apud
967 1865 1176 1914 novos
1193 1846 1438 1917 amicos
1462 1846 1714 1916 virtutis
1730 1839 1943 1914 studio
1964 1896 1985 1928 ,
2007 1866 2143 1913 non
2161 1841 2399 1939 placuit
2420 1863 2454 1909 r
2559 1865 2600 1912 e
2615 1863 2792 1912 com-

700 1937 936 2010 ofitum
950 1958 1182 2035 agmen
1202 1936 1330 2009 fine
1349 1938 1664 2009 machinis
1680 1959 1756 2008 ac
1777 1936 1993 2038 pedite
2028 1934 2296 2033 aggredi
2317 1967 2341 2020 3
2364 1937 2540 2031 ‘quae
2559 1934 2792 2006 tardius

678 2031 1079 2129 equebantur
1102 2085 1125 2117 ,
1165 2029 1618 2127 supraitineris
1648 2031 1946 2128 uliginofi
1981 2030 2389 2102 difficultates
2422 2029 2610 2100 coelo
2684 2052 2793 2101 uo-

649 2150 779 2221 que
797 2150 914 2223 per
946 2124 1212 2197 fulmina
1233 2132 1306 2196 &
1324 2129 1675 2197 continuos
1711 2124 1950 2197 imbres
1965 2127 2168 2222 gravi.
2239 2122 2479 2196 Soluto
2496 2123 2596 2195 ob
2690 2127 2748 2192 ‘o
2768 2174 2793 2208 ,

648 2222 998 2290 Mauritius
1015 2216 1300 2289 medium
1320 2216 1382 2290 se
1400 2220 1610 2290 turbae
1633 2216 2074 2291 seditiosorum
2089 2216 2392 2289 audacter
2420 2217 2791 2301 immiscuit,

648 2334 720 2383 ut
741 2311 957 2384 habita
993 2310 1126 2384 fide
1146 2314 1378 2383 archus
1413 2312 1611 2385 fidem
1653 2313 2095 2411 adstringeret.
2164 2314 2442 2384 Animus
2472 2311 2553 2384 illi
2574 2364 2594 2398 ‚
2633 2309 2796 2381 dum

648 2413 845 2503 penes
866 2405 927 2478 se
949 2407 1096 2503 pars
1119 2405 1443 2477 hostilium
1464 2410 1798 2504 copiarum
1820 2461 1843 2493 ,
1889 2403 2259 2479 Silvaeducis
2277 2406 2599 2479 obsidium
2621 2458 2643 2491 ‚
2689 2429 2801 2475 au·

649 2523 741 2571 no
755 2519 908 2592 ante
926 2500 1137 2571 altero
1164 2524 1276 2598 per
1301 2501 1548 2595 hyemis
1563 2500 1863 2573 saevitiam
1884 2498 2301 2572 intermistum
2319 2555 2341 2586 ,
2367 2502 2590 2572 denuo
2608 2523 2800 2596 expe-

648 2597 763 2665 riri
785 2647 803 2679 ‚
823 2591 867 2664 s
894 2618 931 2664 e
951 2589 1080 2667 sola
1100 2597 1164 2666 in
1181 2593 1507 2666 celeritate
1525 2648 1545 2681 ,
1573 2596 1616 2666 fi
1641 2594 1809 2666 nuda
1834 2649 1853 2681 ‚
1871 2615 1943 2665 ut
1962 2616 2099 2666 erat
2122 2649 2142 2680 ‚
2169 2580 2441 2692 praefidii
2465 2594 2627 2666 urbs
2648 2595 2803 2666 {ubi-

649 2708 725 2759 to
746 2712 849 2757 am
899 2692 1119 2759 iretur.
1170 2688 1301 2759 Sed
1320 2712 1387 2757 re
1409 2689 1492 2761 ad
1509 2689 1860 2761 concilium
1880 2688 2206 2760 Ordinum
2224 2691 2492 2785 perlata,
2513 2689 2802 2760 instanti·-

647 2781 769 2854 bus
794 2778 1099 2854 Zelandis
1119 2802 1190 2852 ut
1212 2774 1521 2854 Flandriae
1547 2782 1936 2855 inferrentur
1952 2806 2124 2854 arma
2143 2837 2165 2868 ,
2184 2800 2191 2812 ·
2208 2782 2652 2880 permissoque
2674 2806 2805 2854 tan-
2872 2848 2873 2851 ,

629 2877 804 2947 -dem
826 2878 1117 2970 Principi
1136 2874 1374 2948 faceret
1392 2879 1576 2973 quod
1592 2902 1631 2949 e
1651 2876 1999 2975 republica
2014 2877 2333 2949 videretur
2358 2930 2378 2963 ,
2401 2875 2685 2949 absumti
2708 2881 2803 2948 in·

653 2974 846 3042 terim
884 2971 1022 3042 dies
1054 2970 1215 3040 οᾶο
1252 2994 1272 3039 :
1327 2973 1399 3040 δε
1423 2994 1792 3066 quanquam
1819 2992 2051 3067 paratae
2082 2971 2210 3063 jam
2247 2970 2803 3070 Herenbergeufis

569 3128 576 3131 ,
653 3069 890 3160 copiae,
911 3064 1243 3161 auciaeque
1262 3064 1343 3135 ad
1362 3063 1822 3137 disturbandos
1844 3063 2174 3160 quoslibet
2192 3071 2491 3151 conatus,
2517 3068 2807 3138 mansum

657 3177 874 3234 tamen
896 3154 960 3251 in
1000 3155 1305 3229 sententia
1329 3212 1349 3245 ‚
1396 3183 1530 3230 non
1551 3179 1681 3229 tam
1708 3157 2040 3256 potiundae
2082 3158 2258 3229 urbis
2281 3158 2524 3230 fiducia
2547 3212 2570 3244 ‚
2612 3183 2811 3257 quam
2872 3160 2873 3171 ’

659 3258 810 3347 quia
826 3276 905 3322 ex
927 3251 1033 3322 usu
1051 3258 1319 3323 attinere
1341 3276 1507 3323 vano
1526 3251 1749 3324 labore
1765 3251 2037 3340 hostem,
2051 3274 2127 3323 ac
2142 3275 2278 3323 non
2295 3252 2449 3325 alibi
2473 3249 2585 3325 sua
2602 3254 2686 3326 ad
2711 3276 2810 3326 tu·

557 3379 561 3384 ·
651 3346 851 3435 ‘tanda
883 3350 1134 3417 incerto
1150 3348 1331 3418 exitu
1351 3350 1529 3443 cogi.
1601 3346 1900 3440 Qidam
1921 3346 2083 3416 ultra
2105 3344 2429 3443 speravere
2447 3400 2468 3435 ‚
2515 3346 2681 3419 belli
2702 3370 2808 3421 ω-

661 3439 776 3510 dio
819 3441 1183 3538 oppidanos
1231 3459 1342 3511 aut
1387 3432 1746 3511 mutaiuros
1789 3437 1987 3510 fidem
2007 3494 2028 3527 ‚
2078 3462 2188 3513 aut
2250 3442 2318 3512 id
2355 3440 2627 3513 acturos
2655 3496 2680 3529 ‚
2742 3462 2809 3512 ut

358 3570 635 3628 Materiam
666 3540 942 3642 partium
977 3534 1174 3629 medii
1213 3557 1332 3606 nec
1369 3536 1668 3605 timerent
1689 3588 1709 3621 ,
1755 3558 1873 3604 nec
1910 3538 2308 3607 timerentur.
2373 3538 2560 3635 Ergo
2595 3535 2812 3609 adulta

339 3640 634 3723 sylpmdu,
666 3653 795 3722 jam
833 3628 1041 3719 aestate
1060 3629 1140 3700 ad
1180 3626 1496 3699 Fuchtam
1536 3631 1747 3699 vicum
1770 3631 2082 3728 Princeps
2115 3681 2135 3715 ,
2181 3629 2264 3699 ad
2306 3630 2358 3698 F
2360 3629 2588 3702 limam
2613 3686 2635 3717 ‚
2683 3654 2809 3728 qm

339 3730 401 3768 ‘⁸‘
422 3728 595 3820 narrem
629 3804 644 3818 ,
669 3718 1007 3817 Heusdam
1030 3726 1150 3794 iter
1170 3722 1261 3795 'cst
1285 3776 1305 3807 ‚
1343 3721 1801 3795 Hochstratani
1821 3721 2208 3810 consedere,
2249 3724 2457 3820 longo
2472 3719 2626 3796 fitis
2645 3730 2811 3813 inter
2872 3806 2873 3811 η

333 3798 527 3846 “²³³⁴“
635 3816 861 3888 'castra
903 3816 1559 3914 utraque'intervallo.
1616 3816 1850 3889 Tertio
1886 3817 2093 3889 statim
2124 3817 2229 3888 die
2261 3818 2811 3919 Herenbergenfis

465 3992 466 3995 Ἴ
627 3975 641 3993 ,,
663 3910 870 4007 adfuit
896 3966 915 3998 ‚
963 3935 1218 4007 quaque
1233 3911 1387 3982 urbs
1407 3910 1668 4006 patebat
1687 3966 1710 3999 ,
1757 3912 2134 3985 silvestribus
2168 3908 2334 3985 locis
2361 3965 2381 3998 ‚
2428 3915 2588 3984 vico
2610 3914 2814 3985 Dele-

371 3980 629 4062 ΜΨ·
663 4029 779 4075 mo
811 4009 1073 4075 nomine
1103 4010 1464 4076 communit
1479 4003 1600 4077 lest
1626 4062 1643 4093 ,
1693 4006 1995 4102 projeffis
2014 4012 2078 4078 in
2117 4009 2497 4077 Mauritium
2517 4009 2817 4083 castellis.

319 4049 598 4193 Jm?
658 4097 780 4193 ille
815 4092 1049 4171 ‘c'ontr'a
1073 4088 1267 4199 {qua
1311 4099 1600 4203 medium
1633 4101 1840 4185 solum
1870 4104 1949 4175 in‘·
1980 4100 2189 4179 eones·
2212 4099 2510 4176 tumescit
2532 4156 2561 4192 ,
2611 4124 2819 4202 opera

699 4182 706 4191 ι
2733 4219 2815 4267 CC
