2900 4628
422 163 1466 247 fllsToR1A‚RvM
1547 164 1792 234 LIB-
1872 164 2055 234 x11.
2216 183 2344 261 441·

194 298 276 349 nc
293 274 618 348 machinas
662 271 967 371 disponit.
1032 272 1454 368 Multumque
1492 279 1812 371 temporis
1827 275 2039 346 actum
2073 274 2345 374 segniter
2388 277 2520 345 160
2528 275 2601 372 30'

194 373 368 443 inter
386 370 511 442 tela
531 423 553 456 ‚
573 390 681 439 aut
699 368 869 441 leves
888 391 1156 467 pugnas.
1234 368 1538 439 Tandem
1551 390 1810 462 captum
1833 371 2348 469 Herenbergenfi

195 462 537 536 confilium
571 484 751 534 extra
786 464 1012 534 urbem
1058 459 1420 560 praefidium'
1453 485 1699 556 ponere
1737 517 1760 549 ,
1824 467 1995 539 viam
2007 487 2347 632 sproffir’

193 581 347 656 quae
367 556 614 634 Fucbta
635 556 908 628 Flimam
926 554 1341 654 protenditur
1358 609 1381 640 ‚
1400 556 1521 626 hac
1539 555 1649 652 spe
1676 610 1698 641 ,
1718 576 1788 627 ut
1855 563 1999 628 raeci
2027 583 2074 629 o
2095 583 2134 631 e
2275 585 2351 632 u-

197 654 333 724 ritii
352 651 571 725 castris
586 653 667 724 ad
688 650 1198 724 Hochstratanos
1212 650 1438 740 itinere
1461 701 1483 737 ,
1502 652 1569 721 in
1592 649 1763 746 lejun
1829 676 1910 722 os
1930 649 2184 725 facilior
2198 652 2354 726 effet

195 746 484 819 audendi
515 746 773 819 occafio
795 799 817 830 ‚
863 766 973 815 aut
1008 743 1488 815 alimentorum·
1505 748 1727 843 inopia
1747 799 1770 832 ,
1817 768 1965 841 quae
1998 748 2259 820 Heusda
2280 753 2350 821 in

196 840 396 913 castra
413 841 829 915 vectabantur
852 894 874 927 ,
920 837 1240 912 obfidium
1259 837 1713 936 abrumperen
1764 839 2348 916 MarchioniBellae

197 933 517 1009 Italorum
558 935 825 1007 tribuno
847 934 1035 1006 datur
1067 931 1132 1004 id
1165 955 1374 1015 curae,
1423 935 1792 1028 militesque
1832 933 1932 1004 bis
1954 936 2125 1008 mille
2149 992 2171 1025 ,
2221 936 2350 1009 flos

163 1027 582 1103 ‘diversarum
619 1029 991 1101 cohortium
1009 1060 1037 1116 3
1081 1029 1264 1125 queis
1281 1029 1529 1097 circum
1561 1025 1788 1099 urbem
1825 1028 2023 1100 noete
2044 1031 2350 1105 traduffls

191 1124 473 1223 aggesta*
501 1126 706 1197 humo
741 1121 1144 1218 falcibusque
1181 1119 1267 1230 ad
1309 1119 1602 1230 numanae
1645 1120 1898 1193 staturae
1939 1123 2346 1198 altitudinem

155 1216 2341 1411 -{effici‘gff‘tffi‘ffiiss‘ffl„ffn‘aefflgssnlfflffifflff‘zffi
2354 1275 2661 1407 ww&

194 1407 479 1506 fingulos
496 1408 577 1480 ad
610 1431 747 1478 non
768 1412 979 1478 minus
997 1404 1259 1479 difficile
1276 1425 1473 1498 quam
1505 1401 1916 1475 neceffarium
1938 1410 2189 1481 virtutis
2209 1408 2335 1481 do·
2350 1415 2612 1493 flemdt’ae.

192 1522 592 1574 cumentum.
643 1503 850 1573 Primi
872 1500 1069 1598 Angli
1087 1498 1349 1572 fortiter
1364 1495 1631 1569 affiliere
1652 1552 1673 1585 ‚
1697 1500 1920 1595 rejeffl
1938 1501 2110 1573 haud
2127 1508 2340 1588 minus

192 1596 452 1667 fortiter
469 1620 489 1665 ε
523 1597 676 1669 inde
691 1595 893 1670 Gallis
912 1601 1144 1667 acriter
1162 1590 1542 1664 instantibus
1560 1588 1797 1664 cessere
1812 1593 2024 1667 hostes
2038 1613 2070 1684 ‘‚
2102 1603 2348 1695 portis-

192 1712 323 1787 que
343 1689 576 1788 oppidi
616 1689 835 1762 claufis
853 1712 1006 1761 cum
1039 1685 1351 1783 effugium
1386 1709 1521 1757 non
1556 1682 1714 1759 esstt
1737 1739 1760 1773 ‚
1784 1712 1918 1774 ,nec
1955 1689 2080 1763 ulla
2100 1697 2346 1764 circum

178 1784 426 1856 *auxilia
444 1839 469 1868 ,
503 1783 647 1856 caefi
664 1807 814 1854 cum
836 1782 1108 1855 duetore
1126 1835 1149 1869 ,
1180 1799 1292 1850 aut
1308 1780 1734 1874 circumjectis
1764 1782 2104 1880 paludibus
2122 1787 2304 1860 mersi
2319 1819 2345 1873 3

195 1881 503 1974 captique
541 1899 800 1948 centum
826 1881 902 1946 &
935 1879 1428 2038 quinquaginta.
1496 1876 1811 1948 Evenerat
1828 1878 2002 1948 forte
2042 1876 2155 1951 sub
2171 1880 2346 1953 idem

196 1990 455 2069 tempus
482 2024 504 2057 ‚
527 1991 599 2042 ut
614 1971 698 2040 ad
718 1969 1073 2044 Ostendam
1097 1976 1227 2040 Arc
1275 1966 1431 2038 idux
1456 2019 1477 2054 ,
1500 1967 1758 2042 studens
1774 1974 1983 2043 exitus
2005 1972 2345 2072 ingressus-
2371 1992 2659 2051 Arrhida&

131 2121 134 2122 ν
194 2088 332 2163 que
351 2065 628 2137 militum
650 2063 1000 2136 acerbitate
1023 2063 1483 2161 suppliciorum
1498 2060 1789 2138 inhibere
1812 2117 1833 2152 ,
1875 2066 2097 2139 nactus
2117 2092 2336 2143 navem
2363 2060 2650 2131 munim.

247 2182 344 2229 uae
362 2158 531 2230 vado
546 2158 893 2231 adbaelerat‘
913 2213 933 2247 ,
948 2158 1298 2229 duodecim
1313 2155 1572 2240 milites»,
1587 2179 1798 2324 ae‘gros
1811 2182 2066 2250 omnes,
2086 2159 2337 2262 suspen·
2353 2130 2624 2278 &m

157 2263 164 2270 “
244 2257 313 2325 io
329 2251 658 2325 addiceret
681 2307 701 2343 ‚
749 2252 1115 2327 obtendens
1151 2275 1289 2325 non
1311 2273 1479 2324 terra
1501 2303 1523 2339 ‚
1567 2251 1628 2323 le
1711 2276 1874 2352 aqna
1909 2273 2137 2353 captos
2158 2311 2179 2346 ,
2224 2258 2334 2333 ubi
2356 2278 2591 2340 viratim

155 2350 164 2355 ’
196 2346 366 2427 nulla
382 2345 604 2421 forent
624 2348 772 2420 belli
791 2348 1062 2420 foedera}
1129 2347 1348 2442 Qod
1367 2345 1477 2418 ubl
1494 2351 1562 2418 in
1583 2347 1778 2419 castra
1799 2349 2112 2446 perlatum
2133 2354 2343 2451 ,judi-

195 2460 358 2517 cans
373 2445 718 2514 Mauritius
738 2442 985 2515 facinus
1004 2443 1263 2515 crudele
1281 2452 1301 2528 ‚‘
1316 2465 1458 2526 nec
1476 2447 1627 2538 quic
1679 2467 1825 2514 uam
1843 2443 1924 2515 ad
1949 2452 2346 2520 maritimum

195 2535 437 2610 bellum
454 2541 779 2634 pertinens
797 2591 817 2625 ‚
837 2557 912 2607 ut
929 2535 1065 2610 fere
1082 2556 1299 2611 amant
1312 2537 1632 2630 jurdinter
1693 2537 1865 2609 ostes
1883 2540 2232 2629 constitui,
2273 2543 2349 2615 fi-

165 2632 172 2637 ”
194 2628 337 2718 mili
360 2629 598 2704 saevitia
618 2630 999 2728 aequandum
1021 2686 1046 2719 ‚
1068 2655 1149 2703 ex
1167 2634 1350 2702 omni
1368 2634 1774 2728 captivorum
1796 2657 2068 2705 numero
2088 2635 2348 2708 duode-

192 2727 331 2794 cim
349 2720 517 2796 sorte
535 2724 741 2797 lectos
764 2725 1133 2820 strangulari
1150 2726 1333 2820 jubet
1353 2777 1375 2812 ‚
1391 2730 1501 2796 uni
1521 2726 1756 2797 horum
1774 2732 1977 2799 aetatis
1992 2728 2353 2800 miseratio-

195 2839 282 2890 ne
296 2816 462 2889 faeta
480 2823 681 2917 gratia
686 2850 710 2906 3
729 2840 1096 2916 quanquam
1113 2824 1435 2915 erant,qui
1536 2819 1788 2888 &orum
1807 2820 2197 2893 violatorum
2218 2822 2352 2894 san-

195 2912 579 2983 &imoniam
609 2937 743 2985 non
761 2918 931 3012 paris
961 2932 1206 2987 tantum
1230 2968 1252 3001 ‚
1298 2913 1404 2984 sed
1475 2913 1608 3010 upli
1630 2918 1874 2984 numeri
1898 2913 2214 3012 supplicio
2235 2939 2350 2989 ex-

199 3004 501 3101 piandam
519 3006 865 3080 censerent.
900 3009 1130 3082 Tristis
1150 3009 1294 3082 fine
1309 3011 1530 3105 imago
1550 3008 1625 3076 &
1639 3009 1807 3077 inter
1822 3006 1973 3079 belli
1997 3010 2157 3079 mala
2174 3010 2347 3084 haud

127 3102 132 3105 ’
200 3099 472 3171 tacenda
492 3153 514 3188 ,
554 3125 703 3172 cum
722 3107 965 3212 egregii
978 3105 1239 3200 juvenes
1262 3098 1384 3172 'nec
1418 3105 1769 3197 quicquam
1791 3102 1914 3172 tale
1935 3108 2346 3191 commenti,

199 3192 465 3289 trepido
498 3196 674 3267 vultu
695 3250 716 3284 ‚
762 3220 947 3268 anxia
967 3221 1157 3269 manu
1180 3253 1204 3280 ,
1248 3218 1474 3293 preces
1513 3200 1681 3265 inter
1714 3202 2161 3295 gemitusque,
2209 3224 2346 3272 non

199 3305 338 3356 tam
378 3309 657 3361 mortem
698 3312 897 3386 quam
930 3290 1185 3362 foedum
1225 3293 1459 3361 mortis
1492 3310 1797 3389 paventes
1915 3317 2035 3363 nus
2054 3349 2075 3376 ‚
2112 3290 2350 3371 inclusa

196 3380 437 3452 chartis
455 3378 585 3453 fata
624 3382 730 3454 sua
750 3385 1095 3457 tractarent
1121 3381 1670 3481 inspicerentque,
1704 3405 1813 3455 aut
1879 3386 2352 3458 amnandialie-
2482 3390 2485 3397 “

196 3500 355 3546 num
377 3474 472 3547 ob
492 3482 738 3549 crimen
756 3532 776 3563 ‚
808 3497 919 3550 aut
936 3479 1309 3555 absolvendi
1336 3502 1470 3551 non
1494 3482 1881 3550 innocentiae
1899 3537 1918 3562 ,
1940 3478 2047 3552 sed
2066 3475 2349 3555 sortunae
2440 3540 2443 3545 .

248 3570 521 3642 raefidio.
574 3577 880 3645 Inventus
899 3593 1111 3646 tamen
1131 3572 1396 3672 perditae
1411 3577 1814 3662 temeritatis,
1831 3579 1945 3669 qui
1962 3574 2062 3646 {na
2082 3573 2248 3647 ibi-te
2266 3577 2346 3647 li·-

182 3594 499 3748 =gemtus,
536 3687 875 3764 emtusque
908 3670 990 3739 ab
1013 3670 1141 3742 alio
1161 3723 1182 3752 ,
1230 3671 1537 3743 vicarium
1568 3668 1631 3739 se
1652 3672 1717 3739 in
1735 3668 2079 3741 discrimen
2108 3674 2343 3743 iterum

103 3842 108 3851 Ι
199 3759 510 3830 mitteret.
561 3762 654 3831 At
670 3763 981 3861 oppidani
1004 3762 1144 3835 solo
1164 3760 1224 3833 se
1240 3762 1518 3834 telorum
1535 3763 1701 3834 ’auu
1720 3764 2153 3851 vindicabant,
2170 3768 2345 3836 acci·

101 3856 104 3865 '
200 3850 533 3946 ditque,ut
551 3852 720 3925 idem
743 3858 906 3926 fietus
922 3858 1294 3931 Marchioni
1317 3788 1712 3956 Malalpinz
1729 3862 1803 3928 δε
1821 3859 2117 3932 oliverio
2131 3865 2343 3930 Tem·

165 3958 172 3970 ⁴
200 3944 384 4043 pelio
404 4003 424 4030 ‚
463 3970 502 4016 a
521 3949 834 4020 Maur-itio
849 3949 932 4021 ad
951 3953 1004 4021 F
1008 3952 1263 4023 limiana
1279 3951 1478 4023 castra
1495 3952 1795 4024 euntibus
1822 4007 1843 4038 ‚
1864 3976 2049 4024 crura
2069 3972 2341 4048 utraque

167 4066 174 4071 ·
201 4041 624 4141 defringeret.
681 4042 1044 4144 Malaspina
1065 4045 1341 4122 Alberto
1362 4046 1448 4117 ad
1484 4046 1640 4123 belli
1653 4045 1915 4125 confina
1933 4048 2172 4123 multus
2197 4098 2220 4130 ,
2248 4068 2340 4117 nc

1232 4141 1431 4237 Bes
1660 4164 1665 4169 ’
1966 4195 2011 4233 a
2129 4157 2342 4237 nuper
