2900 4628
531 239 594 310 >4
993 209 1653 282 H.vG0le
1771 208 2295 278 GROTII

548 326 935 425 potentiam,
955 320 1054 392 his
1085 320 1338 403 minari,
1358 318 1512 390 dare
1533 315 2005 414 illis,polliceri.
2062 322 2159 390 Ita
2179 319 2356 391 brevi
2374 320 2605 391 cuncta
2624 344 2717 392 eo

547 408 835 514 wigere,
859 416 970 486 ubi
991 438 1189 512 poena
1210 419 1284 484 δε
1306 429 1555 483 merces
1576 433 1783 496 era11t3
1803 433 2309 509 promptumque
2329 410 2722 512 promiscuae
2779 478 2782 481 i

550 513 828 585 licentiae
850 512 981 581 vim
1000 506 1348 592 destruere,
1378 508 1651 604 egregio
1666 509 1829 601 juris
1849 505 2489 592 ordine,Francicum
2515 507 2597 579 ad
2615 512 2728 579 in·-

552 604 701 677 star.
735 607 918 674 Nam
940 608 1013 671 &
1029 599 1172 673 suus
1195 605 1425 697 cuique
1445 605 1691 670 nationi
1711 596 1983 683 senatus,
2007 604 2081 668 δε
2101 600 2390 695 pluribus
2412 626 2723 673 commu·

442 694 449 699 ’
555 723 637 769 ne
648 699 962 793 judicium
984 695 1358 766 Macblinia’.
1382 698 1780 789 imponitur3
1805 716 1941 786 quo
1966 691 2212 765 facilius
2231 700 2417 766 unius
2438 699 2724 768 civitatis

555 791 595 862 s
627 795 829 862 eciem
849 793 1238 886 acciperent.
1282 786 1569 858 Abduffi
1591 786 1675 857 ab
1695 793 1887 858 armis
1912 791 1983 855 &
2007 788 2288 858 coetibus
2311 813 2402 886 po
2452 790 2566 862 uli.
2612 795 2724 862 In-

554 817 844 957 AEitutum
868 887 942 952 &
965 881 1311 977 collegium
1351 903 1558 951 aureae
1580 880 1757 979 pellis
1781 884 2045 951 nomine
2075 935 2096 965 ‚
2140 905 2279 976 quo
2300 883 2380 954 ad
2407 888 2578 954 citos
2601 908 2719 955 un-

338 1030 351 1045 ..
552 979 755 1076 dique
780 1033 800 1065 ,
828 980 940 1072 qui
961 979 1196 1071 genere
1217 975 1483 1047 illustres
1509 980 1582 1045 δε
1600 978 1845 1046 meritis
1867 974 2312 1070 spectabantur
2328 1030 2350 1063 ,
2386 977 2581 1048 decus
2600 977 2726 1050 fibi

236 1106 339 1164 ¹15„
353 1122 521 1165 ,m
557 1096 635 1144 ac
669 1070 1027 1170 proefidium
1074 1073 1397 1166 principes
1434 1070 1938 1139 circumdedere.
2003 1070 2113 1138 Ius
2152 1071 2381 1168 populi
2418 1076 2584 1143 inter
2606 1072 2728 1144 has

291 1180 394 1252 puls·
419 1195 526 1236 me-
560 1188 724 1238 artes
746 1162 1032 1236 Ordines
1055 1162 1396 1234 tuebantur
1422 1216 1441 1248 ,
1465 1186 1634 1258 qnos
1655 1163 1900 1233 cunetis
1923 1185 2003 1231 ex
2022 1163 2392 1235 nationibus
2415 1188 2727 1237 commu-

270 1267 421 1333 '2¹³¹'
440 1256 535 1308 θ’·
561 1284 644 1333 ne
662 1264 726 1330 in
746 1257 1094 1329 concilium
1110 1260 1303 1327 acciri
1328 1310 1348 1343 ,
1372 1257 1700 1351 depletum
1727 1257 1908 1327 bellis
1930 1259 2220 1328 aerarium
2255 1312 2275 1345 ‚
2304 1279 2414 1329 aut
2428 1282 2576 1355 quae
2595 1261 2728 1333 alia

243 1320 393 1384 ἀπ’·
562 1350 888 1427 neceffita's
908 1407 930 1436 ,
966 1349 1046 1422 sae
1148 1349 1541 1448 flagitabant.
1595 1352 1697 1421 Eo
1718 1349 1877 1420 miffi
1898 1349 2092 1420 fortia
2110 1347 2273 1446 saepe
2293 1377 2416 1451 pro
2434 1354 2728 1451 republi-

499 1500 527 1533 ,
559 1454 634 1520 ca
654 1502 673 1533 ‚
731 1450 808 1516 &
825 1499 845 1534 ,
894 1468 1032 1541 quo
1110 1444 1388 1516 addebat
1428 1441 1755 1531 audaciam
1780 1497 1800 1530 ,
1851 1465 1920 1514 ut
1942 1443 2238 1514 mandata
2256 1446 2720 1542 loquebantur.

556 1543 803 1637 Neque
819 1562 975 1611 vero
996 1560 1171 1609 arces
1197 1592 1218 1625 ,
1259 1560 1370 1608 aut
1390 1560 1549 1635 pace
1574 1537 1752 1609 miles
1775 1592 1795 1624 ,
1817 1537 1926 1611 nisi
1954 1550 2154 1635 pauca
2177 1540 2458 1636 praefidia
2475 1540 2724 1615 finibus

558 1637 862 1707 extremis
910 1637 983 1701 &
1021 1632 1356 1704 Gallorum
1399 1631 1762 1702 mobilitate
1795 1628 2092 1729 suspectis
2146 1655 2166 1700 ε
2217 1633 2395 1705 fimul
2420 1635 2724 1708 adversus

557 1728 760 1817 subita
780 1732 974 1798 trium
998 1727 1265 1797 millium
1291 1728 1611 1821 equitatus
1636 1780 1658 1813 ‚
1682 1724 1808 1796 flos
1832 1724 1965 1822 ipse
1991 1725 2373 1815 nobilitatis,
2396 1751 2566 1825 quos
2586 1754 2725 1828 po-

558 1823 878 1919 pularium
901 1819 1215 1891 clariffimi
1233 1819 1563 1917 regebant.
1615 1825 1707 1889 At
1723 1819 1891 1890 nulla
1911 1817 2133 1905 claffis,
2154 1845 2303 1891 cum
2327 1825 2722 1919 privatarum

246 1946 428 2017 Belgica
441 1941 529 1999 ιο..
561 1919 815 1989 navium
838 1918 1051 2012 copia,
1069 1919 1265 1985 etiam
1284 1911 1666 2012 improvisos
1685 1912 1767 1984 ad
1788 1911 1954 1999 usu5‚
1975 1911 2302 1986 sufficeret.
2361 1917 2725 1989 Ttansfuso

245 2018 452 2072 minium
478 2017 532 2071 in
565 2011 693 2080 hoc
729 2009 1008 2079 fortunae
1041 2006 1302 2079 cumulo
1325 2007 1391 2076 in
1413 2007 1803 2079 Austriacam
1825 2007 2130 2078 familiam
2158 2062 2177 2093 ‚
2227 2033 2591 2105 quanquam
2611 2036 2721 2083 ac-

246 2090 480 2145 Aufina-
501 2159 512 2169 .
532 2164 541 2172 .
565 2101 840 2175 ceffione
855 2100 1176 2201 Hispaniae
1195 2105 1290 2173 vis
1316 2104 1584 2172 increvit
1603 2155 1623 2188 ,
1643 2105 1823 2171 mitia
1839 2106 1926 2172 im
1976 2106 2290 2181 erantium
2307 2108 2558 2203 ingenia
2590 2131 2722 2215 po·

241 2156 538 2286 κξζζῖ
565 2201 837 2268 tentiam
866 2195 1290 2293 temperando
1319 2218 1550 2265 auxere
1574 2228 1596 2280 3
1633 2218 1772 2291 qua
1790 2217 1926 2266 arte
1971 2196 2205 2267 ibertas
2232 2254 2248 2278 ,
2295 2203 2498 2295 magis
2520 2221 2718 2271 etiam

237 2298 423 2361 laeum.
575 2293 585 2301 ⁴
619 2314 762 2361 uam
795 2293 908 2378 vi,
955 2308 1382 2388 expugnatur.
1454 2292 1634 2359 Nam
1665 2295 1731 2361 in
1767 2312 1849 2360 co
1897 2310 2076 2361 entes
2115 2290 2457 2364 resistendo
2491 2294 2719 2366 crescit

633 2388 809 2474 rocia
834 2437 855 2470 ,
903 2388 1197 2455 comitati
1226 2388 1299 2452 δε
1323 2381 1789 2454 mansuetudini
1806 2409 1844 2453 u
1873 2405 1976 2454 tro
1998 2381 2243 2455 subitur
2264 2419 2285 2469 ς
2332 2389 2548 2458 donec
2568 2413 2720 2460 cor-

518 2547 519 2550 ,
565 2483 772 2576 ruptis
800 2469 1054 2548 licentia
1069 2476 1358 2548 moribus
1383 2530 1403 2560 ‚
1450 2477 1726 2547 concedi
1744 2477 1926 2547 solita
1948 2483 2339 2574 imperantur
2365 2536 2384 2565 ‚
2433 2505 2512 2552 ex
2533 2477 2717 2554 obse-

566 2577 729 2668 quio
769 2570 1091 2642 servitium
1127 2571 1225 2640 fit.
1303 2575 1550 2640 Interea
1587 2572 1890 2643 abstentae
1920 2571 2003 2643 ab
2036 2578 2232 2643 armis
2255 2576 2427 2670 plebi
2449 2576 2718 2672 opificia

567 2673 642 2735 &
686 2666 1059 2763 negotiandi
1094 2666 1446 2735 commoda
1475 2662 1875 2736 ostentantur
1902 2720 1922 2753 ‚
1969 2666 2409 2763 augendorum
2431 2672 2718 2768 vectiga-

223 2844 229 2849 ι
561 2758 721 2829 lium
748 2812 770 2845 ‚
822 2764 898 2828 δε
935 2778 1006 2829 ut
1054 2762 1303 2829 innoxii
1337 2779 1533 2854 atque
1572 2758 1875 2830 florentes
1925 2762 2156 2855 privati
2189 2786 2340 2833 cura
2381 2763 2718 2860 publicum

260 2875 535 2936 amaus
567 2873 896 2924 exuerent.
962 2855 1328 2923 Maximum
1368 2857 1832 2924 incrementum
1861 2850 2200 2951 Hispanica
2221 2859 2598 2956 conjunfflo
2618 2868 2721 2929 at-

244 2946 480 3022 fflspano-
567 2947 732 3019 tulit.
785 2948 912 3020 Sed
927 2948 1063 3042 jam
1084 2966 1222 3016 tum
1246 2943 1691 3043 prudentiores
1710 3001 1734 3033 ,
1773 2957 1922 3018 cum
1943 2970 2109 3045 opes
2138 2954 2591 3048 imperantium
2613 2957 2720 3025 ni-

244 3036 539 3106 WW*
566 3046 769 3113 mium
790 3036 1320 3138 ‚praevalescerent
1337 3094 1359 3123 ,
1406 3039 1835 3137 Hispanorum
1870 3064 1908 3112 e
1928 3041 2218 3114 moribus
2243 3099 2263 3131 ,
2310 3069 2480 3141 quos
2505 3045 2720 3118 bello-

301 3162 310 3175 ·
347 3105 503 3238 ’ἵζ’
565 3137 708 3205 rum
724 3134 1114 3206 commilitio
1135 3132 1534 3231 inspexerant
1556 3189 1576 3222 ‚
1623 3159 1699 3206 ac
1721 3134 1823 3205 sua
1844 3135 2250 3223 diversitate,
2287 3146 2714 3213 mutationem

244 3233 471 3294 midam.
563 3229 932 3326 reipublicae
950 3226 1307 3298 formidine.
1331 3227 1605 3324 quadam
1629 3229 2121 3326 augurabantur.
2172 3235 2351 3301 Nam
2381 3236 2538 3305 dum
2561 3235 2715 3306 fini-

564 3328 738 3394 timae
855 3342 994 3393 ntes
1024 3326 1160 3418 pari
1195 3321 1450 3417 origine
1481 3376 1501 3407 ,
1550 3321 1769 3394 studiis
1790 3321 2008 3393 iisdem
2028 3347 2482 3414 accreverunt,
2527 3329 2716 3401 facile

274 3425 532 3509 uolgarum
566 3437 708 3488 tum
777 3438 1032 3488 raterno
1059 3419 1204 3511 jure
1239 3413 1501 3486 inter.se
1546 3419 1843 3511 agebant.
1916 3416 2216 3512 Hispanis
2241 3420 2588 3520 Belgisque
2606 3424 2714 3496 di-

245 3495 500 3579 H'W.
566 3512 738 3582 versa
758 3511 1087 3607 pleraque,
1111 3514 1185 3578 «Sc
1208 3509 1442 3604 quibus
1461 3514 1851 3582 conveniunt
1870 3512 2073 3580 acrius
2095 3512 2512 3586 colliduntur.
2564 3516 2715 3589 Bel-

241 3585 451 3695 m
479 3584 534 3624 ἠ
560 3604 681 3674 lica
703 3609 938 3676 virtute
957 3605 1202 3674 cunffis
1221 3627 1256 3672 a
1279 3599 1514 3683 saeculis
1537 3609 1792 3698 utrique
1817 3604 2089 3701 infignes
2108 3639 2130 3690 ;
2171 3607 2284 3679 nifi
2303 3612 2487 3705 quod
2510 3612 2575 3682 hi
2598 3610 2717 3682 de-

241 3710 518 3795 mmin»,-
562 3693 889 3769 sueverant
906 3751 928 3784 ,
965 3697 1052 3768 illi
1076 3719 1193 3794 per
1214 3696 1462 3766 Italicas
1486 3702 1562 3766 &
1580 3703 2026 3770 transmarinas
2046 3700 2494 3797 expeditiones
2513 3705 2714 3803 longa

244 3798 321 3840 ‘¹‘
449 3782 527 3839 ⁴⁸·
561 3788 893 3887 disciplina
926 3797 999 3864 &
1038 3794 1314 3888 praemiis
1345 3789 1814 3862 excitabantur.
1880 3793 2010 3866 Sed
2036 3797 2247 3892 Belgae
2267 3803 2496 3868 attenti
2519 3797 2660 3868 fane
2683 3854 2708 3887 ,

248 3867 467 3943 “mmm
566 3889 644 3956 δε
684 3883 959 3981 quaestus
988 3886 1204 3958 studio
1237 3883 1536 3956 laborum
1569 3884 1917 3957 tolerantes
1939 3945 1961 3970 ‚
2055 3912 2232 3959 acem
2254 3891 2406 3961 ideo
2432 3896 2716 3962 &com-

559 3984 794 4054 mercia
826 3998 1177 4076 expetunt3
1222 4002 1356 4067 non
1395 3998 1607 4050 tamen
1628 3999 1697 4049 ut
1719 3983 1976 4074 injurias
2032 4004 2231 4054 erant.
2297 3985 2711 4057 Alieni-nulla

559 4087 727 4176 gens
750 4073 1171 4150 abstinentior
1189 4105 1214 4164 3
1258 4070 1363 4145 fisa
1380 4069 1644 4147 fortiter
1656 4072 2035 4149 defendunt.
2057 4103 2060 4106 ’
2086 4077 2388 4151 Indeuna
2407 4083 2587 4153 orbis
2606 4102 2709 4148 re·-

2508 4179 2713 4271 gione
