2900 4628
443 189 1522 263 ‘HisTomARvM
1603 154 2055 270 Lr'ss.1v.
2223 218 2348 294 231

205 297 527 384 termini,
593 289 720 394 qua
764 297 896 370 istae
941 302 1235 373 nationes
1270 299 1470 372 multa
1506 323 1622 397 per
1679 302 1896 377 saecula
1946 306 2304 379 claruerunt
2326 362 2349 395 ‚
2423 312 2633 414 1595?

200 415 441 558 paucas
461 410 695 488 praeter
713 389 937 467 insulas
960 447 980 479 ,
1027 392 1164 477 duo
1179 414 1359 466 erant
1391 392 1558 465 freta
1583 447 1604 481 ,
1658 420 1732 468 ac
1747 403 1938 470 maria
1960 403 2302 472 introrsum
2330 456 2353 490 ,

252 491 359 556 ine
391 485 694 572 Cimbri,
743 485 892 558 inde
914 487 1153 561 Gades.
1202 487 1504 559 Medium
1528 492 1695 561 inter
1727 490 1863 563 haec
1902 494 2152 564 Oceani
2173 496 2349 565 littus

203 579 658 650 obtinentibus
693 585 908 652 omnis
948 581 1184 654 utilitas
1204 583 1415 656 lateris
1454 580 1715 655 alternis
1739 607 1980 655 merces
2000 586 2181 658 alteri
2204 611 2357 659 ven·-

202 672 380 744 dere.
452 676 636 743 Nam
657 672 806 770 ipfis
823 699 957 746 non
975 675 1283 748 frumenti
1306 731 1326 765 ‚
1375 699 1508 769 non
1530 676 1712 749 ullius
1734 682 1825 749 rei
1847 702 2091 776 magnae
2112 690 2304 779 copia
2333 713 2357 767 ς

201 765 462 840 νεᾶυῐει
503 786 751 837 tantum
791 772 856 839 in
874 768 1117 865 quaestu
1144 824 1163 856 ,
1211 791 1488 867 quaeque
1504 770 1827 841 artificum
1850 774 2144 847 manibus
2182 772 2360 844 labo-'-

200 872 454 930 rantur.
523 860 870 958 Postquam
906 861 1249 936 manifesto
1288 868 1415 935 Dei
1437 862 1765 953 beneficio
1784 888 2002 962 aperta
2039 891 2139 936 tna
2194 871 2358 938 netis

203 954 487 1025 efficacia
507 960 674 1025 rexit
710 956 914 1053 pelagi
937 955 1154 1028 curius
1178 1010 1200 1044 ,
1249 958 1655 1029 &librorum
1677 982 2094 1031 monumenta
2157 985 2360 1032 ocue-

200 1049 614 1120 reveteribus
659 1056 918 1148 cognita
964 1056 1337 1147 requirere,
1386 1075 1556 1123 nova
1602 1075 1736 1123 non
1771 1052 2102 1151 desperare
2128 1108 2148 1140 ‚
2196 1054 2356 1127 nihil

190 1139 334 1236 jam
353 1142 645 1214 humanae
683 1149 1089 1242 experientiae
1125 1149 1535 1219 intentatum.
1602 1148 1855 1218 Extima
1881 1145 2122 1218 Africae
2164 1152 2238 1217 δε
2262 1153 2353 1217 A·

197 1232 306 1305 fiae
342 1235 678 1307 Lufitanus
725 1262 747 1307 ε
796 1259 966 1309 trans
987 1242 1324 1312 Oceanum
1360 1240 1580 1311 littora
1612 1262 1690 1311 ac
1742 1264 1889 1314 vere
1931 1242 2201 1313 alterum
2241 1265 2358 1317 ot·

198 1325 357 1401 bem
404 1329 793 1402 Castellanus
830 1336 1091 1421 invenit.
1161 1334 1502 1406 Gallorum
1538 1338 1754 1405 minus
1801 1335 1991 1407 validi
2032 1359 2349 1422 conatus,

194 1423 350 1590 post
386 1442 710 1495 tentatam
755 1426 1098 1498 infeliciter
1142 1427 1509 1514 Brafiliam3
1560 1427 2189 1509 ad'Terramnovam
2248 1431 2350 1526 pi-

223 1517 445 1590 cosam
464 1519 642 1589 littus
668 1571 689 1605 ‚
720 1527 840 1592 nee
861 1521 1023 1591 ultra
1046 1520 1223 1591 ferax
1246 1574 1268 1607 ,
1310 1516 1645 1592 adhaeiere.
1721 1521 1941 1592 Visum
1968 1528 2042 1592 δε
2064 1523 2300 1593 fretum
2318 1576 2344 1606 ,

198 1617 278 1684 δε
299 1632 483 1684 terrae
499 1634 656 1708 quas
679 1613 937 1686 ultimus
971 1614 1200 1687 Auster
1216 1615 1455 1710 premit
1472 1618 1690 1719 primo
1727 1620 2021 1686 omnium
2043 1615 2354 1712 Magalla-

195 1730 291 1778 no
313 1703 552 1780 :secuti
567 1731 729 1777 mox
748 1711 854 1778 An
901 1709 990 1795 li,
1025 1708 1266 1805 quibus
1288 1707 1835 1816 septentrionales
1852 1707 2077 1779 fluetus
2101 1715 2169 1781 in
2205 1726 2363 1805 par-‘

194 1818 328 1873 tem
347 1819 720 1897 patuerunt.
763 1805 864 1873 1²0
935 1823 1167 1872 omnes
1188 1803 1402 1872 Batavi
1427 1854 1450 1888 ‚
1474 1823 1645 1895 quos
1669 1824 1802 1871 non
1829 1800 2027 1871 dubie
2045 1802 2352 1874 haetenus

192 1898 402 1992 princi
454 1917 568 1963 um
605 1897 907 1992 iniquitas
954 1918 1047 1991 op
1095 1888 1348 1965 refferat
1375 1946 1395 1978 ,
1444 1913 1518 1963 ut
1550 1898 1663 1987 qui
1688 1894 1926 1964 fortem
1952 1882 2141 1978 ‚‘nec
2176 1895 2352 1966 obli-

189 2008 339 2057 tum
373 1989 423 2056 li
473 1991 691 2057 ertatis
735 1988 857 2059 suae
877 2011 1056 2084 popu
1087 2011 1196 2056 um
1241 1985 1493 2083 trepide
1511 1988 2125 2058 mariimmitterent
2152 2040 2172 2072 ‚
2217 1991 2352 2083 jam

187 2079 402 2152 invidi
422 2077 707 2163 hostibus
731 2135 751 2167 ,
785 2081 1110 2152 sociorum
1132 2080 1338 2149 aemuli
1366 2133 1388 2166 ‚
1423 2084 1708 2150 animum
1730 2078 2224 2176 audentiamque
2242 2105 2350 2154 ce·

107 2242 114 2252 ,
186 2193 475 2339 gerunt,
524 2195 596 2244 ut
613 2178 882 2272 repertis
931 2178 997 2245 in
1019 2175 1301 2245 medium
1336 2190 1707 2258 uterentur,
1758 2171 2035 2269 suosque
2080 2174 2346 2249 vicissim

253 2268 448 2339 bores
500 2269 784 2341 humano
820 2273 1043 2368 generi
1087 2265 1622 2354 contribuerent,
1669 2269 1743 2336 δε
1799 2290 2013 2341 rerum
2060 2290 2340 2359 naturae,

186 2385 336 2459 quae
376 2364 763 2436 noscendam
782 2363 844 2435 se
880 2367 944 2433 in
971 2362 1108 2434 haec
1130 2360 1333 2435 secula
1359 2360 1645 2435 servavit.
1716 2361 1961 2472 Neque
1998 2387 2152 2437 vero
2173 2387 2345 2436 nova

188 2458 584 2551 quaerendo‚
629 2476 846 2530 vetera
888 2455 1353 2527 omittebantur
1373 2491 1397 2544 3
1446 2479 1595 2553 quae
1630 2459 1805 2526 enim
1825 2455 2043 2528 littora
2064 2458 2212 2530 illos
2248 2460 2347 2530 sa·

187 2554 352 2621 tient
371 2605 392 2635 ,
431 2555 556 2648 qui
599 2552 935 2629 hominum
959 2548 1355 2650 septuaginta
1401 2568 1714 2648 perpetuo
1735 2550 1929 2621 millia
1952 2554 2017 2622 in
2040 2557 2201 2622 mari
2221 2552 2342 2622 ha-

189 2641 394 2715 bent?
448 2650 836 2744 Magnarum
877 2648 1133 2717 navium
1155 2644 1572 2715 multitudine
1614 2643 1766 2713 nulli
1792 2663 2140 2742 regnorum
2163 2644 2340 2717 cedit

185 2723 429 2832 exigiia'
440 2763 507 2810 re
555 2745 622 2810 io
651 2793 670 2825 ,
719 2744 794 2809 &e
816 2757 948 2808 tam
968 2737 1259 2809 adductis
1276 2735 1520 2809 finibus
1540 2734 1769 2808 inclusa
1794 2790 1815 2823 ,
1836 2807 1839 2812 ,
1858 2739 2039 2830 cujus
2058 2735 2226 2808 adeo
2241 2742 2341 2810 vis

184 2836 405 2903 omnis
439 2762 612 2907 velut
656 2852 838 2904 extra
867 2828 1065 2929 ipsam
1108 2830 1224 2902 est.
1291 2835 1401 2901 Bis
1422 2831 1597 2901 mille
1633 2836 1985 2925 quotannis
2026 2854 2339 2902 novarum

183 2924 621 2998 aedificatione
640 2926 925 3022 strepunt
940 2925 1155 2997 urbes·
1222 2923 1464 2995 Praeter
1485 2923 1758 2996 Galliam
1779 2926 1980 3021 igitur
2001 2925 2338 3021 Angliam-

184 3042 318 3116 que
365 3024 442 3090 &
475 3025 838 3093 Gemaniae
875 3038 1100 3115 portus
1127 3070 1148 3103 ‚
1191 3040 1268 3086 ac
1303 3015 1677 3088 Balthicum·
1702 3041 1914 3102 mare,
1962 3018 2339 3114 Hispaniam

103 3141 110 3146 .
185 3115 567 3211 plerumque
603 3112 1014 3210 permittebat
1031 3109 1271 3207 egestas
1292 3130 1509 3180 mutua
1534 3162 1554 3193 ,
1602 3109 1754 3180 inde
1774 3117 2085 3182 mercium
2112 3164 2132 3196 ,
2183 3111 2335 3181 hinc

182 3211 481 3304 argenti,
521 3208 935 3317 Philippique
953 3209 1121 3303 regis
1140 3201 1548 3274 dissimulatio
1572 3206 1914 3287 &metus,
1954 3229 2034 3276 ne
2107 3207 2337 3297 ropin-

182 3307 332 3397 quis
347 3300 670 3372 abstentos
686 3326 750 3372 in
774 3303 1079 3373 ulteriora
1095 3317 1390 3369 verteret.
1466 3294 1591 3367 Sed
1612 3319 1743 3365 non
1762 3299 2056 3392 injuriaea
2140 3316 2283 3366 rant
2304 3349 2328 3382 ,

182 3418 338 3467 cum
380 3396 587 3466 modo
622 3393 953 3496 religionis
973 3394 1240 3464 crimine
1264 3443 1285 3478 ‚
1336 3390 1660 3462 interdum
1678 3387 1850 3459 velut
1865 3393 2069 3486 agniti
2105 3389 2332 3481 (nam-

232 3512 314 3560 ue
331 3489 594 3560 aliarum
612 3492 904 3585 gentium
926 3489 1188 3558 nomina
1220 3481 1603 3583 usurpabant
1628 3535 1648 3569 ,
1668 3483 1706 3573 )
1732 3480 2010 3576 denique
2027 3503 2334 3578 tanquam
2402 3539 2405 3544 .

181 3586 208 3653 i
230 3583 444 3662 lorum
462 3607 658 3681 opera
684 3584 830 3653 Rex
848 3580 1167 3677 indigeret
1191 3630 1212 3664 ,
1260 3599 1468 3650 nautae
1489 3602 1564 3649 ac
1583 3599 1772 3649 naves
1793 3576 2280 3647 retentabantur
2302 3595 2325 3646 t

184 3675 911 3773 undeipfis'periculutn'
932 3728 953 3761 ‚
1003 3679 1078 3744 &
1102 3670 1477 3769 potentibus
1498 3673 1732 3772 praeda.
1826 3674 1977 3741 Hoc
1996 3670 2135 3770 ipso
2153 3695 2333 3743 anno

239 3773 651 3872 uinquaginta
673 3794 812 3840 non
828 3774 1042 3840 minus
1062 3789 1248 3839 naves
1263 3784 1532 3864 arrepta:
1569 3789 1587 3835 ε
1617 3765 2112 3862 indicatumque
2136 3790 2171 3836 a
2192 3767 2326 3840 Lu-

181 3791 398 3936 iqsxanis·
429 3884 568 3935 'tem
724 3886 940 3936 turum
981 3863 1108 3946 istis
1145 3862 1388 3957 injuriis
1421 3864 1673 3958 Regem
1696 3919 1712 3941 ,
1825 3863 2045 3932 Batavi
2082 3862 2339 3932 mariti-⁶7

175 3981 289 4029 ma
323 3957 545 4036 auxilia
641 3961 926 4028 ritanniae
943 3956 1092 4030 Gall
1193 3977 1271 4025 ue
1304 3960 1557 4026 mittere
1591 3953 1721 4038 absi
1884 3975 1985 4025 nt..
2027 3953 2176 4024 Sed
2199 3957 2323 4021 Hi·-

90 4089 93 4090 ⁷
174 4049 694 4158 spania-amna
723 4075 808 4126 ex
851 4051 1032 4128 Italia
1068 4073 1138 4120 re
1200 4049 1611 4136 rciebantur,
1656 4051 1764 4119 cui
1800 4046 2040 4120 steriles
2071 4049 2365 4135 aliquot-
2481 4092 2491 4101 -

1255 4144 1312 4217 P
1355 4164 1408 4238 4
2148 4155 2328 4204 retro
