2900 4628
276 330 510 431 '1598-

591 226 720 315 340
980 199 1652 292 'ii-vcoms
1759 205 2308 291 onorii
2453 204 2470 223 ‘

592 329 884 425 plurimis
906 325 1278 400 nationibus
1310 341 1653 421 utramque
1687 323 1881 396 Albis
1922 326 2125 422 ripam
2160 331 2236 397 δε
2260 330 2615 424 Hercynia
2631 326 2761 400 sil-

591 445 686 495 vae
722 420 1024 494 immensa
1064 441 1244 491 retro
1285 414 1484 515 spatia
1519 419 1911 492 obtinebant
1936 474 1956 508 ,
2005 423 2482 493 Germanorum
2518 424 2633 492 diu
2655 442 2765 493 va-

593 516 915 589 lentiffimi
941 569 961 600 ,
1010 519 1097 588 ita
1117 536 1186 584 ut
1215 517 1290 582 &
1328 511 1573 588 Rheno
1606 518 1918 612 propiora
1943 513 2237 586 colentes
2278 514 2565 614 populos
2594 510 2767 612 saepe

595 613 1009 703 dimoverint.
1077 608 1206 680 Sed
1231 629 1348 705 per
1380 624 1677 703 tempora
1701 613 1776 677 δε
1816 605 2135 701 bellorum
2155 613 2327 680 vices
2348 613 2458 681 vix
2475 631 2768 704 unquam

597 705 890 776 constitit
910 705 1008 774 his
1029 700 1405 801 regionibus
1443 698 1549 771 sua
1568 700 1787 773 facies.
1853 704 2035 773 Nam
2075 722 2149 773 ut
2186 702 2606 775 Cauchorum
2629 726 2770 773 ma·

597 804 813 869 ritima
832 801 882 869 F
885 797 1041 870 rifiis
1061 791 1297 869 ceffisse
1320 848 1339 879 ‚
1363 816 1446 864 ex
1465 796 1896 892 appellatione
1916 849 1936 882 ,
1974 819 2103 892 qua
2127 822 2298 881 nunc
2318 801 2559 868 utimur
2582 849 2606 883 ‚
2627 818 2774 866 cre-

603 894 804 966 dibile
825 892 917 963 est
940 925 961 976 3
1002 896 1090 962 ita
1110 892 1413 962 interiora
1436 942 1457 975 ,
1494 911 1642 985 quae
1662 889 2014 961 multorum
2036 942 2058 976 ,
2089 914 2260 988 quos
2279 892 2557 969 diximus
2581 944 2607 977 ‚
2633 889 2773 962 sue-

600 1008 786 1073 rant,
839 1012 878 1057 a
919 987 1181 1056 Francis
1217 1006 1386 1055 occu
1474 1003 1538 1053 ta
1557 983 1962 1081 planumest,
2008 984 2266 1067 aliunde
2296 986 2770 1099 advngens,

602 1081 709 1163 stu
744 1080 1001 1153 diversae
1041 1084 1334 1152 nationes
1438 1078 1598 1149 udio
1656 1078 1970 1153 libertatis
2013 1081 2081 1149 in
2134 1079 2231 1150 foe
2280 1105 2353 1153 us
2373 1122 2378 1131 ·
2398 1103 2475 1150 ac
2523 1102 2772 1151 nomen

608 1174 989 1273 compofitae
1024 1173 1312 1246 suerunt.
1377 1176 1502 1242 His
1538 1176 1818 1270 primum
1859 1178 1930 1244 in
1962 1177 2245 1246 German
2273 1198 2326 1244 ae
2362 1178 2770 1260 remotiora,

528 1352 533 1357 ,
609 1271 845 1344 deinde
879 1273 946 1339 in
966 1264 1567 1364 Galliamdigreffis
1601 1290 1701 1339 res
1738 1269 2066 1340 Saxonum
2098 1271 2396 1366 viguere,
2442 1273 2560 1365 qui
2585 1271 2773 1340 &cis

612 1365 835 1435 Albim
858 1386 1069 1433 rerum
1089 1365 1314 1459 potiti,
1339 1359 1664 1432 interdum
1686 1365 1761 1432 sc
1783 1362 2025 1433 Rheno
2045 1382 2254 1450 tenus,
2270 1363 2630 1435 occiduum
2650 1363 2775 1435 hoc

611 1461 776 1530 latus
798 1452 1194 1531 Westfaliam
1229 1455 1473 1526 dixere.
1566 1456 1678 1526 Sin
1729 1454 1973 1527 uiarum
2003 1461 2339 1528 nationum
2373 1460 2513 1530 haec
2530 1456 2773 1528 summa

611 1552 721 1624 est.
777 1550 1063 1625 Geldros
1103 1548 1347 1619 Velavo
1386 1552 1656 1620 nomine
1682 1478 1880 1641 {sunt
1898 1554 2012 1647 qui
2030 1552 2190 1624 olim
2215 1551 2550 1622 Marsicos
2564 1550 2771 1621 diaes

657 1665 839 1723 utent
907 1646 1174 1716 Rhenus
1195 1640 1275 1712 ad
1300 1640 1521 1715 “alam
1536 1641 1813 1715 effundit
1832 1699 1851 1731 ‚
1867 1648 2054 1742 queis
2083 1651 2432 1744 contiguos
2450 1641 2772 1716 Transisa-

609 1673 796 1812 Fmos
881 1739 971 1810 ibi
996 1736 1459 1835 destripfimus.
1522 1738 1864 1810 Tubantes
1886 1743 1989 1810 hic
2030 1761 2210 1812 vetus
2242 1740 2472 1840 populi
2489 1761 2773 1825 nomen,

612 1855 736 1906 uec
785 1859 821 1904 a
866 1832 1207 1905 TenReris
1252 1836 1568 1902 Tarantir
1594 1831 1906 1917 abludunt
1936 1887 1958 1920 ‚
2008 1834 2149 1905 sunt
2197 1841 2271 1905 &
2318 1842 2387 1909 in
2435 1835 2772 1905 Comitum

482 1968 489 1973 ·
615 1922 1131 2037 Hereubergenfi
1159 1981 1178 2013 ,
1212 1929 1323 2022 qui
1346 1924 1772 2024 Zutphanicae
1793 1932 2076 2025 regionis
2097 1952 2240 2025 pars
2257 1929 2388 2016 est3
2436 1934 2513 1999 &
2533 1931 2768 2000 Sicam-

616 2024 780 2094 brici
803 2028 1086 2093 nominis
1111 2022 1344 2092 restant
1372 2022 1632 2119 vestigia
1653 2076 1673 2109 ‚
1722 2043 1795 2092 ut
1816 2024 2365 2096 &Bructerorum
2394 2078 2414 2110 ,
2445 2025 2769 2118 quosBo-

618 2119 974 2188 ruciuarios
997 2120 1254 2189 vocavit
1270 2136 1422 2186 aetas
1444 2114 1646 2195 serior
1663 2169 1684 2201 ‚
1722 2116 1940 2212 paffim
1961 2116 2337 2215 palustribus
2359 2119 2551 2189 locis.
2601 2118 2768 2209 Quae

619 2211 734 2283 c'tfi
778 2210 990 2281 docus
1026 2213 1301 2307 ingeniis
1332 2207 1636 2306 placuisse
1670 2210 1902 2297 video,
1948 2230 2165 2285 tamen
2193 2215 2362 2297 haud
2391 2210 2761 2284 diffimulan-

616 2306 774 2376 dum
794 2304 888 2376 est
912 2357 933 2389 ,
978 2304 1162 2403 quod
1177 2327 1262 2376 ex
1291 2300 1600 2400 superiori
1644 2303 2194 2381 demonstratione
2207 2329 2507 2408 apparet,
2535 2304 2761 2402 pleris-

620 2423 751 2564 qutse
763 2401 1146 2564 gationiibg
1176 2399 1377 2495 longe
1395 2397 1632 2563 diss113tas
1669 2395 1852 2471 fuiffe
1868 2398 2046 2566 {dhes
2072 2457 2093 2489 ‚
2123 2402 2763 2571 lriigieiavaligiorulpmr-

619 2519 709 2566 mi
809 2516 891 2563 uc
924 2517 994 2564 re
1040 2519 1074 2564 a
1142 2516 1209 2562 as
1332 2517 1365 2562 r
1398 2515 1506 2562 am
1553 2516 1585 2561 a
1633 2517 1704 2563 es
1737 2518 1865 2565 con
2034 2522 2103 2570 re
2291 2521 2342 2571 t.
2445 2520 2487 2567 u
2608 2516 2770 2563 anus

621 2586 737 2659 sub
772 2585 975 2685 ipsum
1016 2584 1245 2680 insula
1325 2605 1521 2657 atavae
1587 2520 1886 2684 astigiurri
1933 2590 2130 2666 Clivii
2169 2516 2770 2665 adhaerenttPrrans-

621 2684 884 2753 rhenani
937 2704 955 2748 t
1008 2680 1376 2775 sequentem
1401 2685 1468 2751 in
1493 2685 1629 2778 ripa
1652 2685 1958 2772 Montis,
2003 2691 2120 2783 qui
2139 2686 2441 2778 dicitur„
2469 2685 2769 2755 ducatum

624 2777 834 2872 longo
855 2775 1061 2872 traetu
1081 2777 1325 2845 Marcae
1343 2780 1693 2848 comitatus
1712 2779 1917 2850 ambit
1940 2834 1962 2870 ,
2007 2782 2239 2854 cundia
2260 2782 2506 2855 eodem
2519 2780 2633 2850 iub
2654 2783 2769 2862 im-

673 2875 834 2940 erio.
902 2868 1064 2940 Inde
1098 2876 1385 2943 minores
1425 2870 1566 2941 sunt
1599 2876 1993 2971 principatus
2014 2930 2036 2963 ‚
2079 2895 2250 2973 quos
2286 2881 2454 2947 inter
2476 2867 2773 2944 Naffiavia

685 2986 880 3052 onam
911 2963 992 3033 ad
1015 2987 1273 3035 amnem
1308 2965 1611 3037 Treveris
1651 2968 2012 3041 obvertitur
2038 3023 2059 3058 ‚
2106 2971 2203 3043 vel
2233 2970 2572 3042 numerosa
2597 2967 2776 3064 prole

622 3083 659 3128 a
681 3055 740 3128 se
758 3055 1052 3128 oriundae
1085 3063 1295 3155 gentis
1321 3114 1343 3146 ,
1393 3062 1496 3133 vel
1520 3060 1855 3140 latitudine
1871 3065 2335 3152 Memoranda.
2385 3061 2780 3135 Transisala-

620 3157 723 3224 nis
744 3153 827 3223 ad
849 3175 1022 3223 mare
1052 3153 1231 3226 Frisii
1254 3153 1602 3227 succedunt
1620 3210 1641 3242 ,
1687 3156 1872 3254 quod
1905 3160 2146 3233 nomen
2167 3185 2340 3233 nunc
2384 3162 2460 3229 δε
2495 3156 2666 3228 ultra
2684 3159 2783 3227 A·

622 3247 886 3320 mafium
906 3247 1096 3318 durat
1123 3302 1143 3333 ,
1188 3247 1367 3320 facto
1406 3249 1493 3320 ab
1529 3251 1833 3322 Emdanis
1870 3257 2062 3328 initio
2087 3307 2108 3342 ,
2157 3259 2342 3350 queis
2374 3273 2638 3350 tergum
2661 3250 2781 3324 Ol·

622 3341 964 3438 denburgii
993 3344 1309 3415 ambiunt.
1360 3347 1666 3440 Sequitur
1699 3345 1884 3417 Visur
1935 3354 2021 3420 'm
2058 3353 2230 3421 intra
2268 3353 2346 3419 δε
2381 3347 2606 3428 Albim
2633 3352 2784 3418 Bre-

623 3435 851 3508 menfis
871 3434 1157 3535 episcopi
1178 3437 1345 3509 ditio
1370 3470 1389 3509 .·
1436 3439 1581 3536 post
1595 3463 1766 3536 quos
1797 3445 1910 3513 Ho
1936 3439 2046 3515 sati
2073 3497 2093 3531 ,
2140 3469 2290 3542 pars
2325 3442 2593 3539 quidem
2614 3447 2783 3516 Ger-

620 3534 853 3600 maniae
878 3584 898 3617 ,
944 3528 1051 3602 sed
1069 3537 1181 3628 qui
1207 3532 1570 3604 ducatuins
1613 3545 1618 3550 '
1661 3557 1730 3608 es
1755 3587 1775 3618 ,
1823 3557 1894 3607 ut
1915 3541 2098 3610 Iutiae
2134 3543 2476 3610 Danorum
2519 3541 2785 3631 provin·

625 3628 743 3694 ciae
763 3629 1086 3723 proximi,
1137 3631 1223 3698 ita
1247 3631 1569 3727 principes
1665 3621 1782 3700 “fisi
1807 3654 1990 3729 parte
2028 3632 2387 3731 agnoscunt
2427 3635 2432 3639 ’
2468 3653 2589 3700 uos
2610 3654 2784 3703 nunc

626 3731 813 3814 reges
834 3722 1034 3789 Dani.
1086 3725 1402 3793 Interiora
1438 3725 1613 3796 hunc
1633 3728 1698 3795 in
1729 3726 2000 3798 modurn
2023 3725 2083 3799 se
2113 3729 2378 3800 habent.
2491 3724 2692 3797 livios
2715 3730 2790 3795 δε

508 3880 536 3899 ¹,
622 3808 992 3885 Mai-censes
1035 3813 1501 3890 Monasterium
1540 3824 1706 3916 tegit
1743 3874 1766 3907 ,
1828 3842 1994 3893 terra
2035 3823 2181 3895 urbi
2219 3823 2643 3919 cognominis
2674 3819 2786 3891 sub

626 3903 912 4073 episcopi
969 3907 1305 3982 dominatu
1359 3937 1379 3982 τ
1427 3920 1696 4014 propius
1733 3915 2213 3994 Transisslanos
2245 3916 2787 3988 Benthemiorum

627 4007 666 4071 e
750 4008 1141 4090 comitatus,
1188 4005 1340 4077 inde
1376 4010 1549 4080 velut
1586 4010 1829 4083 acclive
1870 4017 1993 4083 iter
2045 4014 2349 4110 Lingano
2390 4014 2466 4081 δε
2502 4010 2788 4080 Teclen-

369 4087 374 4097 ⁴
485 4167 491 4173 .
538 4079 539 4082 Ἴ
624 4093 859 4206 bui-gio
876 4096 1019 4172 solo
1042 4152 1064 4191 ‚
1110 4121 1260 4196 quae
1285 4100 1401 4175 sub
1431 4107 1900 4210 comitumjure
1937 4103 2082 4180 sunt
2109 4159 2133 4197 ,
2183 4132 2300 4205 per
2316 4104 2495 4179 Osna
2726 4129 2792 4175 m

2463 4202 2600 4271 anti
2668 4203 2740 4270 'ti
2764 4250 2788 4286 ‚
