2900 4628
272 208 281 215 s
428 134 1469 216 HISTORIARVM
1552 112 1794 214 ma.
1876 146 2095 216 vm.
2229 149 2351 237 381

198 269 412 322 tamen
449 249 638 322 cordi
677 250 1178 347 Rempublicam
1196 250 1341 330 fote
1361 304 1383 336 ‚
1429 275 1801 349 quanquam
1823 251 2170 328 innuebant
2185 252 2356 323 Hol-
2417 279 2448 325 x
2461 279 2543 351 59
2549 258 2626 350 9.'

194 343 367 415 landi
394 397 414 429 ,
454 347 522 414 ni
553 339 718 414 serio
739 343 807 414 in
835 368 1186 416 commune
1200 345 1681 431 consuleretur,
1724 346 1941 417 relitsta
1961 343 2024 417 st
2044 367 2355 417 terrarum

194 437 629 531 abjacentiurn
655 461 805 511 cura
827 492 847 524 ,
879 440 1300 537 propioribus
1320 439 1789 513 neceffitatibus
1804 443 1889 520 ,ὅτ
1907 445 2098 517 maris
2121 434 2358 536 poss'es·

195 531 358 630 fioni
374 526 731 632 instituros.
770 533 1000 621 Solatii
1023 534 1322 605 nonnihil
1342 557 1380 605 a
1403 533 2197 642 Germanisprincipibus,
2215 534 2354 628 qui,
2437 537 2676 619 <3³sz

93 659 99 668 ·
193 625 483 723 suspe&o
502 620 714 696 adbuc
734 625 1028 724 Hispano
1053 681 1075 714 ,
1117 627 1361 722 alterna
1377 627 1608 699 auxilia
1627 646 1736 698 aut
1759 650 2095 724 pecuniam
2114 624 2354 703 offere·
2382 615 2674 755 &xla-mof-

191 721 378 793 bant.
441 722 770 791 Palatinus
804 742 1076 800 exteros
1096 724 1429 820 religionis
1450 719 1786 794 conibrtes
1803 720 2106 818 exemplo
2128 724 2203 791 δε
2222 743 2359 793 ver·
2378 747 2574 822 firm,

194 814 298 887 bis
314 813 640 897 excitabat
666 838 685 884 :
729 815 1086 888 monstrans
1107 815 1364 912 fingulis
1383 851 1412 903 ‚·
1442 813 1607 913 quid
1625 815 1786 886 olim
1810 813 2071 887 Albano
2095 869 2116 900 ‚
2154 837 2360 912 nuper

194 908 537 980 Mendosae
572 912 887 1006 agitatum
925 935 945 980 :
993 934 1114 982 nec
1157 908 1338 1008 posse
1368 914 1648 984 Batavos
1681 909 1809 982 fine
1831 913 2193 981 vicinorum
2216 931 2361 1006 per-

196 1007 358 1074 nitie
378 1006 586 1080 vinci:
625 1022 691 1076 at
710 1000 1015 1081 florentes
1038 1058 1058 1089 ,
1079 1005 1297 1076 multis
1318 1001 1599 1080 subsidio
1618 1002 1766 1074 fore
1782 1057 1803 1089 ,
1832 1003 2029 1091 huic,
2055 1005 2359 1074 tuendam

169 1111 174 1117 '
195 1100 279 1171 ad
296 1095 654 1177 Boruffiam
671 1148 692 1183 ,
713 1095 836 1168 illis
855 1098 939 1170 ad
959 1097 1271 1171 Clivicatn
1295 1096 1744 1196 poffeffionem
1763 1151 1784 1183 ,
1802 1098 2049 1169 cunctis
2067 1094 2362 1170 adversus

196 1195 579 1264 Romanum
601 1189 985 1289 pontificem
1003 1195 1271 1289 ejusque
1287 1191 1543 1273 affeclas
1564 1247 1585 1279 ,
1606 1214 1891 1288 quorum
1911 1195 2175 1269 immani
2196 1189 2361 1262 odio

199 1291 280 1357 δε
301 1284 586 1357 fafflone
603 1308 833 1357 omnes
898 1308 1318 1359 temerentur.
1371 1285 1501 1378 Sed
1525 1310 1749 1385 parum
1767 1283 2026 1357 auditus
2053 1339 2074 1375 ,
2099 1290 2363 1358 Bruno·
2395 1357 2400 1361 .

197 1385 340 1454 vice
358 1385 423 1452 in
444 1379 672 1452 urbem
692 1311 905 1453 invilfe
922 1381 1236 1455 libertatis
1254 1405 1428 1467 anna
1452 1379 1557 1456 sua
1575 1400 1998 1454 convertente
2024 1434 2046 1467 ,
2086 1382 2223 1453 aliis
2243 1384 2362 1451 im-

194 1499 384 1574 pares
416 1472 479 1547 se
513 1471 755 1547 alendo
793 1474 967 1545 bello
997 1474 1377 1549 fatentibus.
1448 1482 1541 1546 At
1577 1474 1857 1547 Carolus
1880 1475 2362 1547 Sudermanniae

191 1569 357 1657 dux,
379 1567 770 1667 sigismundi
789 1572 858 1643 in
883 1571 1159 1643 Polonia
1191 1575 1517 1670 regnantis
1539 1590 1800 1668 patruus
1822 1622 1846 1656 ,
1874 1591 2025 1642 cum
2044 1569 2134 1641 illi
2151 1574 2362 1641 avitos

193 1665 484 1736 Sueonas
507 1669 720 1735 minus
741 1668 1015 1750 curanti,
1041 1665 1223 1739 &ob
1237 1665 1469 1738 ardens
1491 1664 1767 1744 studium
1786 1669 1854 1735 in
1875 1663 2242 1757 Romanam
2266 1688 2362 1734 re-

188 1757 511 1854 ligionem
530 1756 815 1831 novandi
835 1757 933 1829 sul
973 1759 1127 1831 ecto
1144 1812 1166 1846 ‚
1187 1783 1364 1832 arma
1385 1762 1667 1855 primum
1683 1757 2011 1856 opposita,
2036 1759 2269 1830 deinde
2288 1762 2365 1827 δε

108 1855 112 1859 ’
191 1873 528 1926 conventu
554 1851 824 1948 publico
841 1785 1126 1924 ablatum
1146 1877 1419 1951 regnum
1440 1854 1614 1926 soret
1639 1906 1661 1939 ,
1708 1857 1969 1950 regium
1986 1852 2098 1924 diu
2116 1875 2357 1923 nornen

189 1950 446 2020 evitans
469 2000 491 2033 ,
515 1950 592 2015 &
607 1944 746 2016 aliis
774 1951 1381 2022 tamen-nominibus
1402 1951 1536 2020 vim
1555 1944 1856 2042 usurpans
1879 2000 1901 2032 ,
1922 1969 2074 2017 cum
2086 1942 2359 2018 societa-
2427 1991 2437 2004 ·
2477 1993 2675 2066 ficiem-

190 2062 336 2111 tem
368 2040 700 2112 Ordinutn
735 2038 908 2110 ultro
936 2043 1211 2114 ambiret
1231 2096 1254 2132 ,
1292 2042 1572 2129 dilatus;
1616 2044 1765 2137 quia
1780 2044 2063 2138 opemin
2085 2039 2352 2138 praeiens
2385 2008 2485 2120 1⁸:23,
2527 2067 2678 2118 om·-

186 2133 588 2232 implorabat
609 2188 628 2220 ‚
650 2131 790 2231 spes
812 2132 1206 2237 ipfiincertae
1229 2160 1538 2235 ,regnum
1559 2133 2356 2233 pauper‚&longe-pofitae
2387 2153 2525 2220 nam·
2563 2154 2677 2192 am-

189 2234 388 2303 vireS.
436 2231 745 2303 Amicitia
764 2246 982 2302 tamen
995 2231 1212 2302 oblata
1239 2287 1260 2322 ‚
1293 2253 1365 2304 ut
1385 2253 1507 2328 pto
1528 2229 1640 2302 reli
1688 2236 1839 2302 ione
1906 2234 2171 2330 ug'nanti
2194 2283 2214 2318 ‚
2237 2255 2352 2303 ex·
2380 2205 2677 2339 {2⁸³2ssAE

191 2320 444 2413 casato,
467 2325 655 2430 quod
674 2348 866 2399 naves
936 2326 1182 2400 uaedam
1201 2332 1453 2402 Batavae
1472 2326 1561 2422 inj
1662 2350 1701 2397 u
1716 2325 1851 2422 pub
1882 2329 1983 2398 ‘co
2001 2325 2356 2424 Sigistnun-
2387 2352 2475 2408 sia.
2670 2352 2677 2358 ’

196 2420 292 2506 do
323 2417 412 2492 sui
433 2424 609 2492 ulum
626 2422 804 2521 praeb
855 2426 866 2437 '
921 2440 1057 2493 ent.
1395 2423 1398 2426 “

2067 4090 2069 4093 ’
2187 4076 2781 4194 ‘nuso-f

2428 1921 2589 1978 suecia
2601 1924 2679 1979 ress
2774 1969 2787 1984 .
