<?xml version="1.0" encoding="UTF-8"?>
<!DOCTYPE html PUBLIC "-//W3C//DTD XHTML 1.0 Transitional//EN"
    "http://www.w3.org/TR/xhtml1/DTD/xhtml1-transitional.dtd">
<html xmlns="http://www.w3.org/1999/xhtml" xml:lang="en" lang="en">
 <head>
  <title>
</title>
<meta http-equiv="Content-Type" content="text/html;charset=utf-8" />
  <meta name='ocr-system' content='tesseract 3.04.00' />
  <meta name='ocr-capabilities' content='ocr_page ocr_carea ocr_par ocr_line ocrx_word'/>
</head>
<body>
  <div class='ocr_page' id='page_1' title='image "./annalesethistor00grotgoog/annalesethistor00grotgoog_0541.png"; bbox 0 0 2900 4628; ppageno 0'>
   <div class='ocr_carea' id='block_1_1' title="bbox 354 206 2265 318">
    <p class='ocr_par' dir='ltr' id='par_1_1' title="bbox 354 206 2265 318">
     <span class='ocr_line' id='line_1_1' title="bbox 354 206 2265 318; baseline 0.002 -25"><span class='ocrx_word' id='word_1_1' title='bbox 354 223 1401 297; x_wconf 74' lang='lat' dir='ltr'>H1s‘roR1ARVM</span> <span class='ocrx_word' id='word_1_2' title='bbox 1487 226 1731 300; x_wconf 80' lang='lat' dir='ltr'>Ltu.</span> <span class='ocrx_word' id='word_1_3' title='bbox 1809 206 2265 318; x_wconf 72' lang='lat' dir='ltr'>xv1.5&#39;09</span> 
     </span>
    </p>
   </div>
   <div class='ocr_carea' id='block_1_2' title="bbox 62 327 2658 4277">
    <p class='ocr_par' dir='ltr' id='par_1_2' title="bbox 62 327 2583 1392">
     <span class='ocr_line' id='line_1_2' title="bbox 62 327 2527 432; baseline 0.004 -28"><span class='ocrx_word' id='word_1_4' title='bbox 62 418 65 422; x_wconf 67' lang='lat'><em>,</em></span> <span class='ocrx_word' id='word_1_5' title='bbox 112 327 316 404; x_wconf 75' lang='lat' dir='ltr'>secum</span> <span class='ocrx_word' id='word_1_6' title='bbox 335 333 678 407; x_wconf 90' lang='lat' dir='ltr'>dominum</span> <span class='ocrx_word' id='word_1_7' title='bbox 690 334 994 411; x_wconf 78' lang='lat' dir='ltr'>traheret.</span> <span class='ocrx_word' id='word_1_8' title='bbox 1015 335 1269 406; x_wconf 82' lang='lat' dir='ltr'>Contra</span> <span class='ocrx_word' id='word_1_9' title='bbox 1297 339 1371 406; x_wconf 78' lang='grc' dir='ltr'>δε</span> <span class='ocrx_word' id='word_1_10' title='bbox 1391 334 1476 407; x_wconf 88' lang='lat' dir='ltr'>ad</span> <span class='ocrx_word' id='word_1_11' title='bbox 1497 333 2006 421; x_wconf 83' lang='lat' dir='ltr'>securitatem,&amp;</span> <span class='ocrx_word' id='word_1_12' title='bbox 2023 335 2104 407; x_wconf 86' lang='lat' dir='ltr'>ad</span> <span class='ocrx_word' id='word_1_13' title='bbox 2119 338 2267 432; x_wconf 86' lang='lat' dir='ltr'>glo·</span> <span class='ocrx_word' id='word_1_14' title='bbox 2327 368 2359 415; x_wconf 85' lang='lat'>1</span> <span class='ocrx_word' id='word_1_15' title='bbox 2372 347 2527 430; x_wconf 87' lang='lat'><em>607.</em></span> 
     </span>
     <span class='ocr_line' id='line_1_3' title="bbox 112 427 2269 526; baseline 0.003 -30"><span class='ocrx_word' id='word_1_16' title='bbox 112 429 265 498; x_wconf 88' lang='lat' dir='ltr'>riam</span> <span class='ocrx_word' id='word_1_17' title='bbox 289 428 693 525; x_wconf 65' lang='lat' dir='ltr'>Reipublicae</span> <span class='ocrx_word' id='word_1_18' title='bbox 713 433 1058 526; x_wconf 86' lang='lat' dir='ltr'>pertinere,</span> <span class='ocrx_word' id='word_1_19' title='bbox 1079 427 1127 500; x_wconf 86' lang='lat' dir='ltr'>fi</span> <span class='ocrx_word' id='word_1_20' title='bbox 1145 430 1460 501; x_wconf 80' lang='lat' dir='ltr'>libertatis</span> <span class='ocrx_word' id='word_1_21' title='bbox 1478 428 1601 500; x_wconf 74' lang='lat' dir='ltr'>firae</span> <span class='ocrx_word' id='word_1_22' title='bbox 1620 427 2084 502; x_wconf 86' lang='lat' dir='ltr'>confeffionem</span> <span class='ocrx_word' id='word_1_23' title='bbox 2101 430 2269 503; x_wconf 86' lang='lat' dir='ltr'>hosti</span> 
     </span>
     <span class='ocr_line' id='line_1_4' title="bbox 111 522 2269 620; baseline 0.004 -31"><span class='ocrx_word' id='word_1_24' title='bbox 111 527 514 618; x_wconf 80' lang='lat' dir='ltr'>exprimeret.</span> <span class='ocrx_word' id='word_1_25' title='bbox 585 524 717 595; x_wconf 87' lang='lat' dir='ltr'>Sed</span> <span class='ocrx_word' id='word_1_26' title='bbox 748 522 922 595; x_wconf 87' lang='lat' dir='ltr'>bello</span> <span class='ocrx_word' id='word_1_27' title='bbox 959 522 1281 620; x_wconf 89' lang='lat' dir='ltr'>strepente</span> <span class='ocrx_word' id='word_1_28' title='bbox 1306 576 1327 609; x_wconf 90' lang='lat'>,</span> <span class='ocrx_word' id='word_1_29' title='bbox 1375 528 1450 594; x_wconf 78' lang='grc' dir='ltr'>δε</span> <span class='ocrx_word' id='word_1_30' title='bbox 1477 526 1661 597; x_wconf 80' lang='lat' dir='ltr'>novis</span> <span class='ocrx_word' id='word_1_31' title='bbox 1697 524 1997 618; x_wconf 87' lang='lat' dir='ltr'>quotidie</span> <span class='ocrx_word' id='word_1_32' title='bbox 2031 528 2269 598; x_wconf 85' lang='lat' dir='ltr'>irarum</span> 
     </span>
     <span class='ocr_line' id='line_1_5' title="bbox 108 615 2271 715; baseline 0.004 -33"><span class='ocrx_word' id='word_1_33' title='bbox 108 616 304 688; x_wconf 87' lang='lat' dir='ltr'>caufis</span> <span class='ocrx_word' id='word_1_34' title='bbox 326 670 348 704; x_wconf 88' lang='lat'>‚</span> <span class='ocrx_word' id='word_1_35' title='bbox 383 617 485 690; x_wconf 89' lang='lat' dir='ltr'>seu</span> <span class='ocrx_word' id='word_1_36' title='bbox 505 617 772 691; x_wconf 62' lang='lat' dir='ltr'>victoria</span> <span class='ocrx_word' id='word_1_37' title='bbox 793 615 1045 688; x_wconf 87' lang='lat' dir='ltr'>feroces</span> <span class='ocrx_word' id='word_1_38' title='bbox 1070 669 1093 703; x_wconf 88' lang='lat'>‚</span> <span class='ocrx_word' id='word_1_39' title='bbox 1129 616 1234 687; x_wconf 72' lang='lat' dir='ltr'>feu</span> <span class='ocrx_word' id='word_1_40' title='bbox 1249 616 1461 689; x_wconf 82' lang='lat' dir='ltr'>clades</span> <span class='ocrx_word' id='word_1_41' title='bbox 1483 619 1695 712; x_wconf 86' lang='lat' dir='ltr'>aliqua</span> <span class='ocrx_word' id='word_1_42' title='bbox 1715 619 1977 690; x_wconf 87' lang='lat' dir='ltr'>ultionis</span> <span class='ocrx_word' id='word_1_43' title='bbox 1997 619 2271 715; x_wconf 89' lang='lat' dir='ltr'>cupidos</span> 
     </span>
     <span class='ocr_line' id='line_1_6' title="bbox 108 710 2271 810; baseline 0.002 -28"><span class='ocrx_word' id='word_1_44' title='bbox 108 711 433 800; x_wconf 69' lang='lat' dir='ltr'>redderet,</span> <span class='ocrx_word' id='word_1_45' title='bbox 455 715 735 783; x_wconf 89' lang='lat' dir='ltr'>rationes</span> <span class='ocrx_word' id='word_1_46' title='bbox 759 734 904 806; x_wconf 74' lang='lat' dir='ltr'>quae</span> <span class='ocrx_word' id='word_1_47' title='bbox 925 735 1048 808; x_wconf 91' lang='lat' dir='ltr'>pro</span> <span class='ocrx_word' id='word_1_48' title='bbox 1070 733 1228 809; x_wconf 86' lang='lat' dir='ltr'>pace</span> <span class='ocrx_word' id='word_1_49' title='bbox 1249 710 1536 783; x_wconf 89' lang='lat' dir='ltr'>facerent</span> <span class='ocrx_word' id='word_1_50' title='bbox 1552 712 1915 808; x_wconf 79' lang='lat' dir='ltr'>expendere</span> <span class='ocrx_word' id='word_1_51' title='bbox 1935 737 2068 784; x_wconf 91' lang='lat' dir='ltr'>non</span> <span class='ocrx_word' id='word_1_52' title='bbox 2087 710 2271 810; x_wconf 78' lang='lat' dir='ltr'>poffe</span> 
     </span>
     <span class='ocr_line' id='line_1_7' title="bbox 108 802 2272 905; baseline 0.002 -30"><span class='ocrx_word' id='word_1_53' title='bbox 108 827 470 905; x_wconf 87' lang='lat' dir='ltr'>occupatos</span> <span class='ocrx_word' id='word_1_54' title='bbox 505 802 843 876; x_wconf 67' lang='lat' dir='ltr'>affectibus</span> <span class='ocrx_word' id='word_1_55' title='bbox 880 811 1160 881; x_wconf 86' lang='lat' dir='ltr'>animos.</span> <span class='ocrx_word' id='word_1_56' title='bbox 1209 807 1325 877; x_wconf 85' lang='lat' dir='ltr'>Sin</span> <span class='ocrx_word' id='word_1_57' title='bbox 1351 805 1562 902; x_wconf 84' lang='lat' dir='ltr'>aliqua</span> <span class='ocrx_word' id='word_1_58' title='bbox 1582 811 1776 878; x_wconf 84' lang='lat' dir='ltr'>armis</span> <span class='ocrx_word' id='word_1_59' title='bbox 1797 805 2078 880; x_wconf 82' lang='lat' dir='ltr'>remislio</span> <span class='ocrx_word' id='word_1_60' title='bbox 2093 807 2272 880; x_wconf 87' lang='lat' dir='ltr'>dare-</span> 
     </span>
     <span class='ocr_line' id='line_1_8' title="bbox 109 897 2273 1011; baseline 0.001 -40"><span class='ocrx_word' id='word_1_61' title='bbox 109 919 219 971; x_wconf 85' lang='lat' dir='ltr'>tur</span> <span class='ocrx_word' id='word_1_62' title='bbox 242 952 262 986; x_wconf 85' lang='lat'><strong>,</strong></span> <span class='ocrx_word' id='word_1_63' title='bbox 289 926 423 972; x_wconf 89' lang='lat' dir='ltr'>non</span> <span class='ocrx_word' id='word_1_64' title='bbox 445 898 785 989; x_wconf 68' lang='lat' dir='ltr'>defuturos</span> <span class='ocrx_word' id='word_1_65' title='bbox 807 905 951 996; x_wconf 87' lang='lat' dir='ltr'>paci</span> <span class='ocrx_word' id='word_1_66' title='bbox 970 897 1255 973; x_wconf 80' lang='lat' dir='ltr'>fautores</span> <span class='ocrx_word' id='word_1_67' title='bbox 1280 954 1302 986; x_wconf 88' lang='lat'><strong>‚</strong></span> <span class='ocrx_word' id='word_1_68' title='bbox 1337 924 1485 996; x_wconf 81' lang='lat' dir='ltr'>quae</span> <span class='ocrx_word' id='word_1_69' title='bbox 1506 902 1655 971; x_wconf 88' lang='lat' dir='ltr'>alias</span> <span class='ocrx_word' id='word_1_70' title='bbox 1667 906 1863 973; x_wconf 87' lang='lat' dir='ltr'>etiam</span> <span class='ocrx_word' id='word_1_71' title='bbox 1885 925 2001 1011; x_wconf 82' lang='lat' dir='ltr'>per</span> <span class='ocrx_word' id='word_1_72' title='bbox 2020 900 2081 971; x_wconf 86' lang='lat' dir='ltr'>se</span> <span class='ocrx_word' id='word_1_73' title='bbox 2094 921 2273 999; x_wconf 84' lang='lat' dir='ltr'>grata</span> 
     </span>
     <span class='ocr_line' id='line_1_9' title="bbox 110 994 2271 1091; baseline 0 -25"><span class='ocrx_word' id='word_1_74' title='bbox 110 996 501 1068; x_wconf 85' lang='lat' dir='ltr'>Batavorum</span> <span class='ocrx_word' id='word_1_75' title='bbox 537 997 861 1091; x_wconf 84' lang='lat' dir='ltr'>praecipue</span> <span class='ocrx_word' id='word_1_76' title='bbox 896 998 1171 1091; x_wconf 88' lang='lat' dir='ltr'>ingeniis</span> <span class='ocrx_word' id='word_1_77' title='bbox 1208 994 1291 1066; x_wconf 87' lang='lat' dir='ltr'>ad</span> <span class='ocrx_word' id='word_1_78' title='bbox 1312 996 1743 1067; x_wconf 74' lang='lat' dir='ltr'>mercaturam</span> <span class='ocrx_word' id='word_1_79' title='bbox 1760 994 1944 1067; x_wconf 65' lang='lat' dir='ltr'>firdhs</span> <span class='ocrx_word' id='word_1_80' title='bbox 1961 1001 2271 1068; x_wconf 87' lang='lat' dir='ltr'>conveni-</span> 
     </span>
     <span class='ocr_line' id='line_1_10' title="bbox 109 1086 2270 1194; baseline -0 -35"><span class='ocrx_word' id='word_1_81' title='bbox 109 1109 252 1159; x_wconf 88' lang='lat' dir='ltr'>ret:</span> <span class='ocrx_word' id='word_1_82' title='bbox 296 1110 434 1161; x_wconf 87' lang='lat' dir='ltr'>tum</span> <span class='ocrx_word' id='word_1_83' title='bbox 469 1093 582 1184; x_wconf 89' lang='lat' dir='ltr'>qui</span> <span class='ocrx_word' id='word_1_84' title='bbox 610 1092 906 1193; x_wconf 85' lang='lat' dir='ltr'>proxime</span> <span class='ocrx_word' id='word_1_85' title='bbox 931 1089 1180 1171; x_wconf 88' lang='lat' dir='ltr'>hostem</span> <span class='ocrx_word' id='word_1_86' title='bbox 1199 1086 1398 1160; x_wconf 83' lang='lat' dir='ltr'>effent</span> <span class='ocrx_word' id='word_1_87' title='bbox 1420 1090 1648 1194; x_wconf 90' lang='lat' dir='ltr'>populi</span> <span class='ocrx_word' id='word_1_88' title='bbox 1663 1089 1831 1165; x_wconf 82' lang='lat' dir='ltr'>haud</span> <span class='ocrx_word' id='word_1_89' title='bbox 1852 1087 2040 1162; x_wconf 84' lang='lat' dir='ltr'>facile</span> <span class='ocrx_word' id='word_1_90' title='bbox 2062 1087 2270 1186; x_wconf 62' lang='lat' dir='ltr'>paffu..</span> 
     </span>
     <span class='ocr_line' id='line_1_11' title="bbox 110 1170 2542 1281; baseline -0.003 -26"><span class='ocrx_word' id='word_1_91' title='bbox 110 1206 221 1256; x_wconf 87' lang='lat' dir='ltr'>ros</span> <span class='ocrx_word' id='word_1_92' title='bbox 248 1238 269 1270; x_wconf 90' lang='lat'><strong>,</strong></span> <span class='ocrx_word' id='word_1_93' title='bbox 310 1170 572 1281; x_wconf 82' lang='lat' dir='ltr'>gustatis</span> <span class='ocrx_word' id='word_1_94' title='bbox 591 1182 779 1255; x_wconf 68' lang='lat' dir='ltr'>semel</span> <span class='ocrx_word' id='word_1_95' title='bbox 796 1186 921 1253; x_wconf 90' lang='lat' dir='ltr'>otii</span> <span class='ocrx_word' id='word_1_96' title='bbox 943 1181 1135 1254; x_wconf 89' lang='lat' dir='ltr'>bonis</span> <span class='ocrx_word' id='word_1_97' title='bbox 1156 1237 1177 1269; x_wconf 90' lang='lat'><strong>,</strong></span> <span class='ocrx_word' id='word_1_98' title='bbox 1199 1204 1379 1257; x_wconf 90' lang='lat' dir='ltr'>retro</span> <span class='ocrx_word' id='word_1_99' title='bbox 1399 1187 1463 1256; x_wconf 80' lang='lat' dir='ltr'>ie</span> <span class='ocrx_word' id='word_1_100' title='bbox 1482 1189 1552 1254; x_wconf 81' lang='lat' dir='ltr'>in·</span> <span class='ocrx_word' id='word_1_101' title='bbox 1564 1207 1737 1256; x_wconf 88' lang='lat' dir='ltr'>arma</span> <span class='ocrx_word' id='word_1_102' title='bbox 1756 1184 1934 1256; x_wconf 80' lang='lat' dir='ltr'>ferri.</span> <span class='ocrx_word' id='word_1_103' title='bbox 2003 1189 2266 1257; x_wconf 82' lang='lat' dir='ltr'>Initium</span> <span class='ocrx_word' id='word_1_104' title='bbox 2337 1194 2542 1277; x_wconf 54' lang='lat' dir='ltr'>lnieiqm</span> 
     </span>
     <span class='ocr_line' id='line_1_12' title="bbox 108 1266 2583 1392; baseline -0.001 -44"><span class='ocrx_word' id='word_1_105' title='bbox 108 1296 304 1348; x_wconf 80' lang='lat' dir='ltr'>tantae</span> <span class='ocrx_word' id='word_1_106' title='bbox 320 1282 410 1350; x_wconf 89' lang='lat' dir='ltr'>rei</span> <span class='ocrx_word' id='word_1_107' title='bbox 430 1281 715 1351; x_wconf 87' lang='lat' dir='ltr'>invenire</span> <span class='ocrx_word' id='word_1_108' title='bbox 733 1277 1029 1364; x_wconf 87' lang='lat' dir='ltr'>arduum,</span> <span class='ocrx_word' id='word_1_109' title='bbox 1049 1280 1209 1349; x_wconf 84' lang='lat' dir='ltr'>eain</span> <span class='ocrx_word' id='word_1_110' title='bbox 1232 1277 1619 1388; x_wconf 84' lang='lat' dir='ltr'>Republica,</span> <span class='ocrx_word' id='word_1_111' title='bbox 1643 1281 1712 1351; x_wconf 81' lang='lat' dir='ltr'>in</span> <span class='ocrx_word' id='word_1_112' title='bbox 1729 1301 1857 1373; x_wconf 88' lang='lat' dir='ltr'>qua</span> <span class='ocrx_word' id='word_1_113' title='bbox 1873 1302 1975 1350; x_wconf 91' lang='lat' dir='ltr'>ma</span> <span class='ocrx_word' id='word_1_114' title='bbox 2026 1282 2090 1348; x_wconf 91' lang='lat' dir='ltr'>ni</span> <span class='ocrx_word' id='word_1_115' title='bbox 2112 1276 2267 1349; x_wconf 89' lang='lat' dir='ltr'>nihil</span> <span class='ocrx_word' id='word_1_116' title='bbox 2297 1266 2532 1392; x_wconf 50' lang='grc' dir='ltr'>(01109ῗῶ</span> <span class='ocrx_word' id='word_1_117' title='bbox 2579 1342 2583 1345; x_wconf 84' lang='grc'><strong>,</strong></span> 
     </span>
    </p>

    <p class='ocr_par' dir='ltr' id='par_1_3' title="bbox 80 1354 2658 4277">
     <span class='ocr_line' id='line_1_13' title="bbox 111 1354 2486 1469; baseline -0.001 -25"><span class='ocrx_word' id='word_1_118' title='bbox 111 1371 229 1444; x_wconf 87' lang='lat' dir='ltr'>nifi</span> <span class='ocrx_word' id='word_1_119' title='bbox 264 1371 568 1451; x_wconf 86' lang='lat' dir='ltr'>consultis</span> <span class='ocrx_word' id='word_1_120' title='bbox 599 1373 1009 1456; x_wconf 87' lang='lat' dir='ltr'>nationibus,</span> <span class='ocrx_word' id='word_1_121' title='bbox 1048 1378 1251 1469; x_wconf 79' lang='lat' dir='ltr'>‘atque</span> <span class='ocrx_word' id='word_1_122' title='bbox 1269 1393 1465 1445; x_wconf 79' lang='lat' dir='ltr'>ettam</span> <span class='ocrx_word' id='word_1_123' title='bbox 1485 1372 1572 1444; x_wconf 84' lang='lat' dir='ltr'>ad</span> <span class='ocrx_word' id='word_1_124' title='bbox 1595 1373 1783 1445; x_wconf 86' lang='lat' dir='ltr'>urbes</span> <span class='ocrx_word' id='word_1_125' title='bbox 1806 1372 1896 1451; x_wconf 85' lang='lat' dir='ltr'>fin</span> <span class='ocrx_word' id='word_1_126' title='bbox 2010 1396 2075 1443; x_wconf 88' lang='lat' dir='ltr'>as</span> <span class='ocrx_word' id='word_1_127' title='bbox 2103 1369 2267 1443; x_wconf 66' lang='lat' dir='ltr'>sach</span> <span class='ocrx_word' id='word_1_128' title='bbox 2296 1354 2412 1465; x_wconf 54' lang='grc' dir='ltr'>’,ξω</span> <span class='ocrx_word' id='word_1_129' title='bbox 2460 1356 2486 1391; x_wconf 77' lang='lat'><strong><em>‘</em></strong></span> 
     </span>
     <span class='ocr_line' id='line_1_14' title="bbox 109 1461 2571 1566; baseline 0.001 -29"><span class='ocrx_word' id='word_1_130' title='bbox 109 1466 429 1555; x_wconf 83' lang='lat' dir='ltr'>relatione</span> <span class='ocrx_word' id='word_1_131' title='bbox 525 1470 575 1536; x_wconf 87' lang='lat' dir='ltr'>ri</span> <span class='ocrx_word' id='word_1_132' title='bbox 592 1461 947 1537; x_wconf 71' lang='lat' dir='ltr'>consuesset</span> <span class='ocrx_word' id='word_1_133' title='bbox 965 1489 984 1535; x_wconf 75' lang='grc' dir='ltr'><strong><em>ε</em></strong></span> <span class='ocrx_word' id='word_1_134' title='bbox 1006 1489 1205 1563; x_wconf 89' lang='lat' dir='ltr'>quem</span> <span class='ocrx_word' id='word_1_135' title='bbox 1218 1471 1561 1539; x_wconf 81' lang='lat' dir='ltr'>circuitum</span> <span class='ocrx_word' id='word_1_136' title='bbox 1579 1491 1680 1539; x_wconf 91' lang='lat' dir='ltr'>res</span> <span class='ocrx_word' id='word_1_137' title='bbox 1699 1466 1814 1540; x_wconf 72' lang='lat' dir='ltr'>ista</span> <span class='ocrx_word' id='word_1_138' title='bbox 1833 1470 2083 1565; x_wconf 86' lang='lat' dir='ltr'>magnis</span> <span class='ocrx_word' id='word_1_139' title='bbox 2099 1466 2268 1540; x_wconf 82' lang='lat' dir='ltr'>haud</span> <span class='ocrx_word' id='word_1_140' title='bbox 2303 1486 2346 1566; x_wconf 63' lang='grc' dir='ltr'>ζ’·</span> <span class='ocrx_word' id='word_1_141' title='bbox 2455 1497 2571 1565; x_wconf 63' lang='grc' dir='ltr'>μοι</span> 
     </span>
     <span class='ocr_line' id='line_1_15' title="bbox 109 1559 2535 1683; baseline -0 -50"><span class='ocrx_word' id='word_1_142' title='bbox 109 1560 312 1643; x_wconf 82' lang='lat' dir='ltr'>dubie</span> <span class='ocrx_word' id='word_1_143' title='bbox 332 1561 397 1632; x_wconf 87' lang='lat' dir='ltr'>di</span> <span class='ocrx_word' id='word_1_144' title='bbox 450 1560 820 1633; x_wconf 78' lang='lat' dir='ltr'>enfionibus</span> <span class='ocrx_word' id='word_1_145' title='bbox 838 1561 1227 1658; x_wconf 81' lang='lat' dir='ltr'>implicanda</span> <span class='ocrx_word' id='word_1_146' title='bbox 1247 1586 1383 1635; x_wconf 89' lang='lat' dir='ltr'>non</span> <span class='ocrx_word' id='word_1_147' title='bbox 1403 1561 1672 1634; x_wconf 87' lang='lat' dir='ltr'>ferebat.</span> <span class='ocrx_word' id='word_1_148' title='bbox 1727 1564 1875 1656; x_wconf 84' lang='lat' dir='ltr'>Qi</span> <span class='ocrx_word' id='word_1_149' title='bbox 1895 1566 1961 1634; x_wconf 90' lang='lat' dir='ltr'>in</span> <span class='ocrx_word' id='word_1_150' title='bbox 1981 1559 2267 1633; x_wconf 81' lang='lat' dir='ltr'>consessu</span> <span class='ocrx_word' id='word_1_151' title='bbox 2295 1568 2535 1683; x_wconf 57' lang='grc' dir='ltr'><em>Ἢ</em></span> 
     </span>
     <span class='ocr_line' id='line_1_16' title="bbox 80 1641 2358 1754; baseline 0 -26"><span class='ocrx_word' id='word_1_152' title='bbox 80 1652 293 1737; x_wconf 76' lang='lat' dir='ltr'>&#39;erant</span> <span class='ocrx_word' id='word_1_153' title='bbox 331 1657 661 1729; x_wconf 85' lang='lat' dir='ltr'>Ordinurn</span> <span class='ocrx_word' id='word_1_154' title='bbox 696 1653 1166 1727; x_wconf 71' lang='lat' dir='ltr'>foederatorum</span> <span class='ocrx_word' id='word_1_155' title='bbox 1204 1653 1553 1754; x_wconf 86' lang='lat' dir='ltr'>suscepturi</span> <span class='ocrx_word' id='word_1_156' title='bbox 1581 1661 1649 1728; x_wconf 89' lang='lat' dir='ltr'>in</span> <span class='ocrx_word' id='word_1_157' title='bbox 1681 1653 1749 1729; x_wconf 88' lang='lat' dir='ltr'>se</span> <span class='ocrx_word' id='word_1_158' title='bbox 1781 1664 1915 1729; x_wconf 82' lang='lat' dir='ltr'>non</span> <span class='ocrx_word' id='word_1_159' title='bbox 1934 1677 2114 1728; x_wconf 80' lang='lat' dir='ltr'>erant</span> <span class='ocrx_word' id='word_1_160' title='bbox 2136 1676 2271 1728; x_wconf 82' lang='lat' dir='ltr'>tam</span> <span class='ocrx_word' id='word_1_161' title='bbox 2297 1641 2358 1681; x_wconf 73' lang='lat'>‘¹&#39;</span> 
     </span>
     <span class='ocr_line' id='line_1_17' title="bbox 107 1747 2366 1836; baseline -0.001 -14"><span class='ocrx_word' id='word_1_162' title='bbox 107 1747 337 1822; x_wconf 84' lang='lat' dir='ltr'>subitae</span> <span class='ocrx_word' id='word_1_163' title='bbox 354 1753 730 1822; x_wconf 82' lang='lat' dir='ltr'>mutationis</span> <span class='ocrx_word' id='word_1_164' title='bbox 751 1748 1054 1823; x_wconf 85' lang='lat' dir='ltr'>invidiam</span> <span class='ocrx_word' id='word_1_165' title='bbox 1079 1803 1100 1836; x_wconf 87' lang='lat'><strong>,</strong></span> <span class='ocrx_word' id='word_1_166' title='bbox 1138 1755 1205 1821; x_wconf 89' lang='lat' dir='ltr'>ni</span> <span class='ocrx_word' id='word_1_167' title='bbox 1223 1753 1570 1823; x_wconf 74' lang='lat' dir='ltr'>Mauritius</span> <span class='ocrx_word' id='word_1_168' title='bbox 1595 1754 1670 1821; x_wconf 77' lang='grc' dir='ltr'>δε</span> <span class='ocrx_word' id='word_1_169' title='bbox 1692 1750 1843 1823; x_wconf 87' lang='lat' dir='ltr'>belli</span> <span class='ocrx_word' id='word_1_170' title='bbox 1860 1751 1993 1823; x_wconf 88' lang='lat' dir='ltr'>dux</span> <span class='ocrx_word' id='word_1_171' title='bbox 2016 1804 2037 1836; x_wconf 88' lang='lat'>,</span> <span class='ocrx_word' id='word_1_172' title='bbox 2064 1755 2137 1820; x_wconf 75' lang='grc' dir='ltr'>δε</span> <span class='ocrx_word' id='word_1_173' title='bbox 2242 1790 2277 1806; x_wconf 91' lang='lat'>·-</span> <span class='ocrx_word' id='word_1_174' title='bbox 2360 1784 2366 1790; x_wconf 47' lang='lat'><em>1</em></span> 
     </span>
     <span class='ocr_line' id='line_1_18' title="bbox 108 1843 2278 1943; baseline -0 -27"><span class='ocrx_word' id='word_1_175' title='bbox 108 1868 270 1917; x_wconf 88' lang='lat' dir='ltr'>nere</span> <span class='ocrx_word' id='word_1_176' title='bbox 303 1849 378 1915; x_wconf 78' lang='grc' dir='ltr'>δε</span> <span class='ocrx_word' id='word_1_177' title='bbox 411 1847 659 1915; x_wconf 88' lang='lat' dir='ltr'>meritis</span> <span class='ocrx_word' id='word_1_178' title='bbox 682 1843 936 1916; x_wconf 89' lang='lat' dir='ltr'>inclitus</span> <span class='ocrx_word' id='word_1_179' title='bbox 960 1894 983 1928; x_wconf 88' lang='lat'>‚</span> <span class='ocrx_word' id='word_1_180' title='bbox 1028 1848 1436 1941; x_wconf 80' lang='lat' dir='ltr'>temporariae</span> <span class='ocrx_word' id='word_1_181' title='bbox 1457 1844 1741 1942; x_wconf 59' lang='lat' dir='ltr'>pactioni</span> <span class='ocrx_word' id='word_1_182' title='bbox 1762 1864 2032 1943; x_wconf 85' lang='lat' dir='ltr'>magnus</span> <span class='ocrx_word' id='word_1_183' title='bbox 2051 1869 2086 1916; x_wconf 94' lang='lat' dir='ltr'>a</span> <span class='ocrx_word' id='word_1_184' title='bbox 2196 1868 2278 1939; x_wconf 82' lang='lat' dir='ltr'>or</span> 
     </span>
     <span class='ocr_line' id='line_1_19' title="bbox 104 1936 2277 2034; baseline -0 -25"><span class='ocrx_word' id='word_1_185' title='bbox 104 1936 480 2010; x_wconf 78' lang='lat' dir='ltr'>accederet.</span> <span class='ocrx_word' id='word_1_186' title='bbox 549 1936 667 2025; x_wconf 83' lang='lat' dir='ltr'>Ille</span> <span class='ocrx_word' id='word_1_187' title='bbox 687 1960 841 2008; x_wconf 87' lang='lat' dir='ltr'>vero</span> <span class='ocrx_word' id='word_1_188' title='bbox 866 1989 889 2023; x_wconf 88' lang='lat'>‚</span> <span class='ocrx_word' id='word_1_189' title='bbox 928 1959 1241 2032; x_wconf 89' lang='lat' dir='ltr'>quantum</span> <span class='ocrx_word' id='word_1_190' title='bbox 1256 1942 1364 2012; x_wconf 87' lang='lat' dir='ltr'>vix</span> <span class='ocrx_word' id='word_1_191' title='bbox 1382 1961 1531 2011; x_wconf 91' lang='lat' dir='ltr'>ante</span> <span class='ocrx_word' id='word_1_192' title='bbox 1550 1936 1885 2034; x_wconf 84' lang='lat' dir='ltr'>quisquam</span> <span class='ocrx_word' id='word_1_193' title='bbox 1902 1961 2141 2009; x_wconf 90' lang='lat' dir='ltr'>nornen</span> <span class='ocrx_word' id='word_1_194' title='bbox 2161 1936 2277 2008; x_wconf 83' lang='lat' dir='ltr'>ad-</span> 
     </span>
     <span class='ocr_line' id='line_1_20' title="bbox 105 2027 2278 2131; baseline 0 -27"><span class='ocrx_word' id='word_1_195' title='bbox 105 2052 311 2131; x_wconf 89' lang='lat' dir='ltr'>eptus</span> <span class='ocrx_word' id='word_1_196' title='bbox 334 2031 508 2104; x_wconf 88' lang='lat' dir='ltr'>bello</span> <span class='ocrx_word' id='word_1_197' title='bbox 532 2085 554 2117; x_wconf 89' lang='lat'><strong>‚</strong></span> <span class='ocrx_word' id='word_1_198' title='bbox 602 2054 722 2103; x_wconf 91' lang='lat' dir='ltr'>nec</span> <span class='ocrx_word' id='word_1_199' title='bbox 744 2027 1040 2128; x_wconf 85' lang='lat' dir='ltr'>spernens</span> <span class='ocrx_word' id='word_1_200' title='bbox 1057 2030 1497 2130; x_wconf 84' lang='lat' dir='ltr'>ampliffimam</span> <span class='ocrx_word' id='word_1_201' title='bbox 1516 2034 1742 2129; x_wconf 83' lang='lat' dir='ltr'>gloriae</span> <span class='ocrx_word' id='word_1_202' title='bbox 1760 2038 2094 2105; x_wconf 83' lang='lat' dir='ltr'>materiam</span> <span class='ocrx_word' id='word_1_203' title='bbox 2113 2084 2137 2117; x_wconf 78' lang='lat'>.,</span> <span class='ocrx_word' id='word_1_204' title='bbox 2181 2031 2278 2105; x_wconf 59' lang='lat' dir='ltr'>ie—</span> 
     </span>
     <span class='ocr_line' id='line_1_21' title="bbox 105 2124 2282 2226; baseline 0 -27"><span class='ocrx_word' id='word_1_205' title='bbox 105 2151 274 2199; x_wconf 85' lang='lat' dir='ltr'>cum</span> <span class='ocrx_word' id='word_1_206' title='bbox 296 2148 565 2223; x_wconf 85' lang='lat' dir='ltr'>qnoque</span> <span class='ocrx_word' id='word_1_207' title='bbox 582 2125 854 2200; x_wconf 85' lang='lat' dir='ltr'>sentiens</span> <span class='ocrx_word' id='word_1_208' title='bbox 875 2130 897 2209; x_wconf 74' lang='lat'>,&#39;</span> <span class='ocrx_word' id='word_1_209' title='bbox 940 2149 1206 2199; x_wconf 85' lang='lat' dir='ltr'>omnem</span> <span class='ocrx_word' id='word_1_210' title='bbox 1224 2148 1372 2198; x_wconf 86' lang='lat' dir='ltr'>cum</span> <span class='ocrx_word' id='word_1_211' title='bbox 1393 2128 1685 2226; x_wconf 70' lang='lat' dir='ltr'>Hispano</span> <span class='ocrx_word' id='word_1_212' title='bbox 1706 2124 2282 2224; x_wconf 73' lang='lat' dir='ltr'>pacemfraudibus</span> 
     </span>
     <span class='ocr_line' id='line_1_22' title="bbox 104 2218 2277 2321; baseline -0.001 -27"><span class='ocrx_word' id='word_1_213' title='bbox 104 2220 371 2295; x_wconf 86' lang='lat' dir='ltr'>misceri</span> <span class='ocrx_word' id='word_1_214' title='bbox 394 2275 415 2307; x_wconf 90' lang='lat'><strong>,</strong></span> <span class='ocrx_word' id='word_1_215' title='bbox 444 2222 528 2294; x_wconf 88' lang='lat' dir='ltr'>ab</span> <span class='ocrx_word' id='word_1_216' title='bbox 552 2218 1183 2293; x_wconf 82' lang='lat' dir='ltr'>Oldenbarneveldio</span> <span class='ocrx_word' id='word_1_217' title='bbox 1205 2240 1423 2292; x_wconf 85' lang='lat' dir='ltr'>tamen</span> <span class='ocrx_word' id='word_1_218' title='bbox 1445 2275 1465 2307; x_wconf 90' lang='lat'><strong>,</strong></span> <span class='ocrx_word' id='word_1_219' title='bbox 1515 2223 1693 2319; x_wconf 84' lang='lat' dir='ltr'>cujus</span> <span class='ocrx_word' id='word_1_220' title='bbox 1710 2226 2038 2321; x_wconf 71' lang='lat' dir='ltr'>praecipue</span> <span class='ocrx_word' id='word_1_221' title='bbox 2057 2224 2277 2321; x_wconf 85' lang='lat' dir='ltr'>provi-</span> 
     </span>
     <span class='ocr_line' id='line_1_23' title="bbox 104 2313 2281 2414; baseline -0 -26"><span class='ocrx_word' id='word_1_222' title='bbox 104 2317 338 2388; x_wconf 89' lang='lat' dir='ltr'>dentia</span> <span class='ocrx_word' id='word_1_223' title='bbox 363 2371 381 2399; x_wconf 87' lang='lat'>‚</span> <span class='ocrx_word' id='word_1_224' title='bbox 410 2321 485 2386; x_wconf 89' lang='lat'>&amp;</span> <span class='ocrx_word' id='word_1_225' title='bbox 507 2320 771 2412; x_wconf 86' lang='lat' dir='ltr'>triginta</span> <span class='ocrx_word' id='word_1_226' title='bbox 790 2329 1109 2388; x_wconf 88' lang='lat' dir='ltr'>annorum</span> <span class='ocrx_word' id='word_1_227' title='bbox 1132 2314 1264 2387; x_wconf 85' lang='lat' dir='ltr'>fide</span> <span class='ocrx_word' id='word_1_228' title='bbox 1281 2313 1530 2389; x_wconf 87' lang='lat' dir='ltr'>suffulta</span> <span class='ocrx_word' id='word_1_229' title='bbox 1550 2318 1897 2389; x_wconf 60' lang='lat' dir='ltr'>auotoritas</span> <span class='ocrx_word' id='word_1_230' title='bbox 1919 2321 2093 2414; x_wconf 85' lang='lat' dir='ltr'>pacis</span> <span class='ocrx_word' id='word_1_231' title='bbox 2112 2335 2281 2387; x_wconf 87' lang='lat' dir='ltr'>con-</span> 
     </span>
     <span class='ocr_line' id='line_1_24' title="bbox 104 2407 2281 2516; baseline -0.001 -33"><span class='ocrx_word' id='word_1_232' title='bbox 104 2413 247 2484; x_wconf 80' lang='lat' dir='ltr'>filia</span> <span class='ocrx_word' id='word_1_233' title='bbox 268 2407 1070 2516; x_wconf 84' lang='lat' dir='ltr'>sustinebat,petsuadetur,</span> <span class='ocrx_word' id='word_1_234' title='bbox 1095 2434 1176 2482; x_wconf 89' lang='lat' dir='ltr'>ne</span> <span class='ocrx_word' id='word_1_235' title='bbox 1197 2434 1346 2482; x_wconf 87' lang='lat' dir='ltr'>cum</span> <span class='ocrx_word' id='word_1_236' title='bbox 1368 2410 1549 2483; x_wconf 88' lang='lat' dir='ltr'>hoste</span> <span class='ocrx_word' id='word_1_237' title='bbox 1569 2412 1896 2507; x_wconf 87' lang='lat' dir='ltr'>colloquia</span> <span class='ocrx_word' id='word_1_238' title='bbox 1914 2415 2112 2508; x_wconf 88' lang='lat' dir='ltr'>incipi</span> <span class='ocrx_word' id='word_1_239' title='bbox 2132 2410 2281 2483; x_wconf 90' lang='lat' dir='ltr'>nol·-</span> 
     </span>
     <span class='ocr_line' id='line_1_25' title="bbox 102 2503 2554 2603; baseline 0 -25"><span class='ocrx_word' id='word_1_240' title='bbox 102 2506 220 2578; x_wconf 83' lang='lat' dir='ltr'>let.</span> <span class='ocrx_word' id='word_1_241' title='bbox 300 2509 443 2599; x_wconf 84' lang='lat' dir='ltr'>Qi</span> <span class='ocrx_word' id='word_1_242' title='bbox 497 2530 577 2600; x_wconf 90' lang='lat' dir='ltr'>pe</span> <span class='ocrx_word' id='word_1_243' title='bbox 617 2504 836 2578; x_wconf 76' lang='lat' dir='ltr'>ledere</span> <span class='ocrx_word' id='word_1_244' title='bbox 846 2508 1250 2578; x_wconf 65' lang='lat' dir='ltr'>,LBritannurn</span> <span class='ocrx_word' id='word_1_245' title='bbox 1282 2510 1439 2578; x_wconf 84' lang='lat' dir='ltr'>tanti</span> <span class='ocrx_word' id='word_1_246' title='bbox 1477 2505 1626 2578; x_wconf 89' lang='lat' dir='ltr'>belli</span> <span class='ocrx_word' id='word_1_247' title='bbox 1647 2503 1930 2578; x_wconf 89' lang='lat' dir='ltr'>otiosum</span> <span class='ocrx_word' id='word_1_248' title='bbox 1953 2506 2276 2603; x_wconf 66' lang='lat' dir='ltr'>spectato·</span> <span class='ocrx_word' id='word_1_249' title='bbox 2342 2523 2554 2597; x_wconf 72' lang='lat' dir='ltr'>Princeps</span> 
     </span>
     <span class='ocr_line' id='line_1_26' title="bbox 101 2594 2578 2696; baseline -0.001 -24"><span class='ocrx_word' id='word_1_250' title='bbox 101 2626 260 2673; x_wconf 80' lang='lat' dir='ltr'>rem</span> <span class='ocrx_word' id='word_1_251' title='bbox 283 2624 302 2668; x_wconf 74' lang='grc' dir='ltr'><strong><em>ε</em></strong></span> <span class='ocrx_word' id='word_1_252' title='bbox 327 2600 450 2673; x_wconf 89' lang='lat' dir='ltr'>Gal</span> <span class='ocrx_word' id='word_1_253' title='bbox 478 2625 585 2670; x_wconf 88' lang='lat' dir='ltr'>um</span> <span class='ocrx_word' id='word_1_254' title='bbox 604 2621 761 2673; x_wconf 85' lang='lat' dir='ltr'>vero</span> <span class='ocrx_word' id='word_1_255' title='bbox 780 2594 1079 2671; x_wconf 62' lang='lat' dir='ltr'>affectare</span> <span class='ocrx_word' id='word_1_256' title='bbox 1101 2597 1404 2672; x_wconf 78' lang='lat' dir='ltr'>societate</span> <span class='ocrx_word' id='word_1_257' title='bbox 1421 2602 1665 2696; x_wconf 86' lang='lat' dir='ltr'>majora</span> <span class='ocrx_word' id='word_1_258' title='bbox 1671 2605 1839 2686; x_wconf 74' lang='lat' dir='ltr'>3&#39;nec</span> <span class='ocrx_word' id='word_1_259' title='bbox 1852 2600 2125 2673; x_wconf 84' lang='lat' dir='ltr'>obscura</span> <span class='ocrx_word' id='word_1_260' title='bbox 2140 2602 2278 2694; x_wconf 81' lang='lat' dir='ltr'>ejus</span> <span class='ocrx_word' id='word_1_261' title='bbox 2300 2594 2532 2670; x_wconf 71' lang='lat' dir='ltr'>persuasu,</span> <span class='ocrx_word' id='word_1_262' title='bbox 2571 2623 2578 2628; x_wconf 89' lang='lat'><strong>·</strong></span> 
     </span>
     <span class='ocr_line' id='line_1_27' title="bbox 100 2665 2590 2795; baseline -0.002 -28"><span class='ocrx_word' id='word_1_263' title='bbox 100 2700 207 2767; x_wconf 76' lang='lat' dir='ltr'>rei</span> <span class='ocrx_word' id='word_1_264' title='bbox 234 2693 501 2764; x_wconf 78' lang='lat' dir='ltr'>indicia.</span> <span class='ocrx_word' id='word_1_265' title='bbox 566 2697 638 2766; x_wconf 86' lang='lat' dir='ltr'>Si</span> <span class='ocrx_word' id='word_1_266' title='bbox 675 2694 962 2765; x_wconf 89' lang='lat' dir='ltr'>Ordines</span> <span class='ocrx_word' id='word_1_267' title='bbox 1000 2691 1300 2765; x_wconf 83' lang='lat' dir='ltr'>foederati</span> <span class='ocrx_word' id='word_1_268' title='bbox 1340 2694 1425 2765; x_wconf 88' lang='lat' dir='ltr'>ad</span> <span class='ocrx_word' id='word_1_269' title='bbox 1440 2718 1666 2790; x_wconf 76' lang='lat' dir='ltr'>pacem</span> <span class='ocrx_word' id='word_1_270' title='bbox 1685 2699 1852 2768; x_wconf 83' lang='lat' dir='ltr'>viam</span> <span class='ocrx_word' id='word_1_271' title='bbox 1874 2695 2277 2790; x_wconf 64' lang='lat' dir='ltr'>fibiquoque</span> <span class='ocrx_word' id='word_1_272' title='bbox 2307 2665 2590 2795; x_wconf 50' lang='grc' dir='ltr'>ξξξῗξζξῇ</span> 
     </span>
     <span class='ocr_line' id='line_1_28' title="bbox 154 2787 2577 2882; baseline -0.003 -22"><span class='ocrx_word' id='word_1_273' title='bbox 154 2811 342 2876; x_wconf 81' lang='lat' dir='ltr'>arere</span> <span class='ocrx_word' id='word_1_274' title='bbox 364 2787 771 2859; x_wconf 87' lang='lat' dir='ltr'>ostenderent</span> <span class='ocrx_word' id='word_1_275' title='bbox 791 2839 811 2872; x_wconf 89' lang='lat'>,</span> <span class='ocrx_word' id='word_1_276' title='bbox 838 2787 980 2858; x_wconf 91' lang='lat' dir='ltr'>illos</span> <span class='ocrx_word' id='word_1_277' title='bbox 998 2792 1110 2882; x_wconf 91' lang='lat' dir='ltr'>qui</span> <span class='ocrx_word' id='word_1_278' title='bbox 1133 2787 1373 2860; x_wconf 89' lang='lat' dir='ltr'>referre</span> <span class='ocrx_word' id='word_1_279' title='bbox 1395 2787 1500 2859; x_wconf 87' lang='lat' dir='ltr'>sua</span> <span class='ocrx_word' id='word_1_280' title='bbox 1520 2789 1954 2860; x_wconf 83' lang='lat' dir='ltr'>existimarent</span> <span class='ocrx_word' id='word_1_281' title='bbox 1974 2845 1995 2872; x_wconf 90' lang='lat'>‚</span> <span class='ocrx_word' id='word_1_282' title='bbox 2018 2809 2087 2859; x_wconf 90' lang='lat' dir='ltr'>ut</span> <span class='ocrx_word' id='word_1_283' title='bbox 2103 2787 2280 2857; x_wconf 86' lang='lat' dir='ltr'>bello</span> <span class='ocrx_word' id='word_1_284' title='bbox 2308 2809 2361 2866; x_wconf 65' lang='grc' dir='ltr'>ι,</span> <span class='ocrx_word' id='word_1_285' title='bbox 2393 2806 2577 2867; x_wconf 67' lang='lat' dir='ltr'>adm..</span> 
     </span>
     <span class='ocr_line' id='line_1_29' title="bbox 211 2880 2392 2977; baseline -0.001 -22"><span class='ocrx_word' id='word_1_286' title='bbox 211 2887 438 2955; x_wconf 85' lang='lat' dir='ltr'>tavico</span> <span class='ocrx_word' id='word_1_287' title='bbox 468 2888 633 2956; x_wconf 87' lang='lat' dir='ltr'>vires</span> <span class='ocrx_word' id='word_1_288' title='bbox 666 2880 993 2976; x_wconf 76' lang='lat' dir='ltr'>Hispaniae</span> <span class='ocrx_word' id='word_1_289' title='bbox 1026 2881 1415 2954; x_wconf 85' lang='lat' dir='ltr'>eliderentur</span> <span class='ocrx_word' id='word_1_290' title='bbox 1440 2935 1461 2968; x_wconf 85' lang='lat'>‚</span> <span class='ocrx_word' id='word_1_291' title='bbox 1508 2881 1744 2952; x_wconf 89' lang='lat' dir='ltr'>adduci</span> <span class='ocrx_word' id='word_1_292' title='bbox 1761 2880 1943 2977; x_wconf 80' lang='lat' dir='ltr'>posse</span> <span class='ocrx_word' id='word_1_293' title='bbox 1965 2901 2036 2951; x_wconf 91' lang='lat' dir='ltr'>ut</span> <span class='ocrx_word' id='word_1_294' title='bbox 2053 2880 2281 2952; x_wconf 75' lang='lat' dir='ltr'>auxilia</span> <span class='ocrx_word' id='word_1_295' title='bbox 2310 2883 2392 2940; x_wconf 70' lang='lat' dir='ltr'>tie.</span> 
     </span>
     <span class='ocr_line' id='line_1_30' title="bbox 102 2974 2287 3072; baseline -0.002 -21"><span class='ocrx_word' id='word_1_296' title='bbox 102 2998 326 3062; x_wconf 84' lang='lat' dir='ltr'>certa,</span> <span class='ocrx_word' id='word_1_297' title='bbox 350 2980 554 3048; x_wconf 89' lang='lat' dir='ltr'>necin</span> <span class='ocrx_word' id='word_1_298' title='bbox 573 2998 811 3047; x_wconf 86' lang='lat' dir='ltr'>nomen</span> <span class='ocrx_word' id='word_1_299' title='bbox 831 2978 1069 3058; x_wconf 85' lang='lat' dir='ltr'>euntia,</span> <span class='ocrx_word' id='word_1_300' title='bbox 1094 2980 1575 3072; x_wconf 80' lang='lat' dir='ltr'>promitterent.</span> <span class='ocrx_word' id='word_1_301' title='bbox 1614 2974 2147 3054; x_wconf 82' lang='lat' dir='ltr'>Wittenhorstius</span> <span class='ocrx_word' id='word_1_302' title='bbox 2168 2979 2287 3072; x_wconf 81' lang='lat' dir='ltr'>igi-</span> 
     </span>
     <span class='ocr_line' id='line_1_31' title="bbox 104 3065 2334 3166; baseline -0.002 -22"><span class='ocrx_word' id='word_1_303' title='bbox 104 3093 225 3144; x_wconf 84' lang='lat' dir='ltr'>tur</span> <span class='ocrx_word' id='word_1_304' title='bbox 264 3076 340 3166; x_wconf 81' lang='lat'>&amp;</span> <span class='ocrx_word' id='word_1_305' title='bbox 375 3069 711 3144; x_wconf 86' lang='lat' dir='ltr'>Gevardus</span> <span class='ocrx_word' id='word_1_306' title='bbox 745 3070 1029 3165; x_wconf 87' lang='lat' dir='ltr'>acceptis</span> <span class='ocrx_word' id='word_1_307' title='bbox 1054 3072 1191 3165; x_wconf 85' lang='lat' dir='ltr'>jam</span> <span class='ocrx_word' id='word_1_308' title='bbox 1222 3072 1307 3141; x_wconf 84' lang='lat' dir='ltr'>ab</span> <span class='ocrx_word' id='word_1_309' title='bbox 1340 3069 1713 3140; x_wconf 84' lang='lat' dir='ltr'>Alberto&amp;</span> <span class='ocrx_word' id='word_1_310' title='bbox 1736 3065 1992 3139; x_wconf 67' lang='lat' dir='ltr'>flabella</span> <span class='ocrx_word' id='word_1_311' title='bbox 2009 3068 2237 3140; x_wconf 88' lang='lat' dir='ltr'>litteris</span> <span class='ocrx_word' id='word_1_312' title='bbox 2260 3129 2282 3154; x_wconf 90' lang='lat'>,</span> <span class='ocrx_word' id='word_1_313' title='bbox 2326 3117 2334 3127; x_wconf 67' lang='lat'>=</span> 
     </span>
     <span class='ocr_line' id='line_1_32' title="bbox 110 3160 2285 3261; baseline -0 -26"><span class='ocrx_word' id='word_1_314' title='bbox 110 3188 278 3261; x_wconf 83' lang='lat' dir='ltr'>quae</span> <span class='ocrx_word' id='word_1_315' title='bbox 295 3164 510 3238; x_wconf 84' lang='lat' dir='ltr'>verbis</span> <span class='ocrx_word' id='word_1_316' title='bbox 526 3162 726 3235; x_wconf 86' lang='lat' dir='ltr'>fidem</span> <span class='ocrx_word' id='word_1_317' title='bbox 747 3161 1036 3235; x_wconf 80' lang='lat' dir='ltr'>facerent</span> <span class='ocrx_word' id='word_1_318' title='bbox 1055 3218 1075 3251; x_wconf 89' lang='lat'>,</span> <span class='ocrx_word' id='word_1_319' title='bbox 1094 3168 1159 3234; x_wconf 90' lang='lat' dir='ltr'>in</span> <span class='ocrx_word' id='word_1_320' title='bbox 1179 3183 1573 3236; x_wconf 84' lang='lat' dir='ltr'>conventum</span> <span class='ocrx_word' id='word_1_321' title='bbox 1595 3160 2066 3234; x_wconf 85' lang='lat' dir='ltr'>foederatorum</span> <span class='ocrx_word' id='word_1_322' title='bbox 2082 3164 2285 3234; x_wconf 81' lang='lat' dir='ltr'>Ordi-</span> 
     </span>
     <span class='ocr_line' id='line_1_33' title="bbox 111 3256 2286 3355; baseline -0 -25"><span class='ocrx_word' id='word_1_323' title='bbox 111 3283 284 3330; x_wconf 81' lang='lat' dir='ltr'>num</span> <span class='ocrx_word' id='word_1_324' title='bbox 304 3258 552 3331; x_wconf 87' lang='lat' dir='ltr'>admiffi</span> <span class='ocrx_word' id='word_1_325' title='bbox 571 3313 591 3346; x_wconf 88' lang='lat'>,</span> <span class='ocrx_word' id='word_1_326' title='bbox 612 3280 759 3354; x_wconf 80' lang='lat' dir='ltr'>quae</span> <span class='ocrx_word' id='word_1_327' title='bbox 778 3262 1075 3355; x_wconf 87' lang='lat' dir='ltr'>privatim</span> <span class='ocrx_word' id='word_1_328' title='bbox 1094 3277 1243 3330; x_wconf 90' lang='lat' dir='ltr'>ante</span> <span class='ocrx_word' id='word_1_329' title='bbox 1261 3257 1581 3344; x_wconf 83' lang='lat' dir='ltr'>dixerant,</span> <span class='ocrx_word' id='word_1_330' title='bbox 1605 3256 1864 3355; x_wconf 87' lang='lat' dir='ltr'>publice</span> <span class='ocrx_word' id='word_1_331' title='bbox 1876 3281 2286 3329; x_wconf 90' lang='lat' dir='ltr'>commemo-</span> 
     </span>
     <span class='ocr_line' id='line_1_34' title="bbox 107 3352 2527 3449; baseline -0.001 -24"><span class='ocrx_word' id='word_1_332' title='bbox 107 3374 296 3436; x_wconf 82' lang='lat' dir='ltr'>rant,</span> <span class='ocrx_word' id='word_1_333' title='bbox 316 3352 645 3425; x_wconf 85' lang='lat' dir='ltr'>laudantes</span> <span class='ocrx_word' id='word_1_334' title='bbox 663 3358 834 3448; x_wconf 86' lang='lat' dir='ltr'>pacis</span> <span class='ocrx_word' id='word_1_335' title='bbox 853 3352 1201 3423; x_wconf 88' lang='lat' dir='ltr'>commoda</span> <span class='ocrx_word' id='word_1_336' title='bbox 1223 3376 1352 3449; x_wconf 86' lang='lat' dir='ltr'>prae</span> <span class='ocrx_word' id='word_1_337' title='bbox 1372 3352 1526 3424; x_wconf 91' lang='lat' dir='ltr'>belli</span> <span class='ocrx_word' id='word_1_338' title='bbox 1546 3357 1828 3423; x_wconf 88' lang='lat' dir='ltr'>incertis.</span> <span class='ocrx_word' id='word_1_339' title='bbox 1875 3353 2004 3425; x_wconf 86' lang='lat' dir='ltr'>Sed</span> <span class='ocrx_word' id='word_1_340' title='bbox 2022 3357 2171 3448; x_wconf 82' lang='lat' dir='ltr'>quia</span> <span class='ocrx_word' id='word_1_341' title='bbox 2188 3352 2282 3423; x_wconf 87' lang='lat' dir='ltr'>le·</span> <span class='ocrx_word' id='word_1_342' title='bbox 2434 3357 2527 3442; x_wconf 55' lang='lat' dir='ltr'>agia</span> 
     </span>
     <span class='ocr_line' id='line_1_35' title="bbox 162 3430 2600 3558; baseline -0.003 -39"><span class='ocrx_word' id='word_1_343' title='bbox 162 3451 265 3519; x_wconf 88' lang='lat' dir='ltr'>ati</span> <span class='ocrx_word' id='word_1_344' title='bbox 280 3449 441 3540; x_wconf 88' lang='lat' dir='ltr'>juris</span> <span class='ocrx_word' id='word_1_345' title='bbox 460 3447 897 3517; x_wconf 84' lang='lat' dir='ltr'>Archiducum</span> <span class='ocrx_word' id='word_1_346' title='bbox 919 3450 1317 3518; x_wconf 88' lang='lat' dir='ltr'>mentionem</span> <span class='ocrx_word' id='word_1_347' title='bbox 1336 3446 1648 3534; x_wconf 88' lang='lat' dir='ltr'>fecerant,</span> <span class='ocrx_word' id='word_1_348' title='bbox 1666 3443 1862 3519; x_wconf 73' lang='lat' dir='ltr'>vifirm</span> <span class='ocrx_word' id='word_1_349' title='bbox 1888 3447 1981 3519; x_wconf 86' lang='lat' dir='ltr'>est</span> <span class='ocrx_word' id='word_1_350' title='bbox 2002 3446 2279 3518; x_wconf 88' lang='lat' dir='ltr'>Ordini-</span> <span class='ocrx_word' id='word_1_351' title='bbox 2303 3433 2413 3558; x_wconf 57' lang='lat' dir='ltr'>:gn</span> <span class='ocrx_word' id='word_1_352' title='bbox 2426 3430 2556 3558; x_wconf 45' lang='grc' dir='ltr'>ἔζ-</span> <span class='ocrx_word' id='word_1_353' title='bbox 2591 3504 2600 3511; x_wconf 85' lang='grc'><strong>.</strong></span> 
     </span>
     <span class='ocr_line' id='line_1_36' title="bbox 104 3472 2598 3638; baseline -0.001 -21"><span class='ocrx_word' id='word_1_354' title='bbox 104 3472 249 3617; x_wconf 61' lang='grc' dir='ltr'>ἕως</span> <span class='ocrx_word' id='word_1_355' title='bbox 275 3541 689 3637; x_wconf 87' lang='lat' dir='ltr'>respondere,</span> <span class='ocrx_word' id='word_1_356' title='bbox 708 3544 774 3610; x_wconf 92' lang='lat' dir='ltr'>in</span> <span class='ocrx_word' id='word_1_357' title='bbox 790 3560 1020 3636; x_wconf 86' lang='lat' dir='ltr'>aperto</span> <span class='ocrx_word' id='word_1_358' title='bbox 1041 3538 1167 3613; x_wconf 82' lang='lat' dir='ltr'>effe</span> <span class='ocrx_word' id='word_1_359' title='bbox 1186 3543 1517 3627; x_wconf 76' lang='lat' dir='ltr'>omnibuS,</span> <span class='ocrx_word' id='word_1_360' title='bbox 1533 3547 1717 3638; x_wconf 90' lang='lat' dir='ltr'>queis</span> <span class='ocrx_word' id='word_1_361' title='bbox 1736 3564 1911 3613; x_wconf 82' lang='lat' dir='ltr'>notoe</span> <span class='ocrx_word' id='word_1_362' title='bbox 1928 3567 2028 3615; x_wconf 89' lang='lat' dir='ltr'>res</span> <span class='ocrx_word' id='word_1_363' title='bbox 2051 3541 2161 3614; x_wconf 89' lang='lat' dir='ltr'>Bel</span> <span class='ocrx_word' id='word_1_364' title='bbox 2209 3567 2277 3614; x_wconf 76' lang='lat' dir='ltr'>a·</span> <span class='ocrx_word' id='word_1_365' title='bbox 2307 3588 2466 3632; x_wconf 61' lang='lat' dir='ltr'>mm</span> <span class='ocrx_word' id='word_1_366' title='bbox 2485 3522 2598 3631; x_wconf 59' lang='lat'>1:2⁸}</span> 
     </span>
     <span class='ocr_line' id='line_1_37' title="bbox 105 3633 2658 3732; baseline -0 -22"><span class='ocrx_word' id='word_1_367' title='bbox 105 3660 274 3710; x_wconf 79' lang='lat' dir='ltr'>rum</span> <span class='ocrx_word' id='word_1_368' title='bbox 295 3689 316 3721; x_wconf 87' lang='lat'>‚</span> <span class='ocrx_word' id='word_1_369' title='bbox 354 3660 436 3707; x_wconf 91' lang='lat' dir='ltr'>ne</span> <span class='ocrx_word' id='word_1_370' title='bbox 454 3633 662 3732; x_wconf 88' lang='lat' dir='ltr'>specie</span> <span class='ocrx_word' id='word_1_371' title='bbox 678 3636 943 3732; x_wconf 89' lang='lat' dir='ltr'>quidem</span> <span class='ocrx_word' id='word_1_372' title='bbox 965 3637 1118 3728; x_wconf 87' lang='lat' dir='ltr'>juris</span> <span class='ocrx_word' id='word_1_373' title='bbox 1139 3633 1261 3705; x_wconf 85' lang='lat' dir='ltr'>ulla</span> <span class='ocrx_word' id='word_1_374' title='bbox 1281 3636 1680 3718; x_wconf 72' lang='lat' dir='ltr'>Archiduces</span> <span class='ocrx_word' id='word_1_375' title='bbox 1695 3637 2030 3728; x_wconf 26' lang='lat' dir='ltr'>adversum.</span> <span class='ocrx_word' id='word_1_376' title='bbox 2041 3638 2092 3708; x_wconf 92' lang='lat' dir='ltr'>F</span> <span class='ocrx_word' id='word_1_377' title='bbox 2095 3662 2161 3708; x_wconf 86' lang='lat' dir='ltr'>oe</span> <span class='ocrx_word' id='word_1_378' title='bbox 2209 3662 2278 3710; x_wconf 92' lang='lat' dir='ltr'>e·</span> <span class='ocrx_word' id='word_1_379' title='bbox 2300 3642 2585 3702; x_wconf 73' lang='lat' dir='ltr'>deratorum</span> <span class='ocrx_word' id='word_1_380' title='bbox 2653 3696 2658 3701; x_wconf 90' lang='lat'>.</span> 
     </span>
     <span class='ocr_line' id='line_1_38' title="bbox 109 3728 2610 3845; baseline -0 -40"><span class='ocrx_word' id='word_1_381' title='bbox 109 3751 313 3805; x_wconf 80' lang='lat' dir='ltr'>ratos</span> <span class='ocrx_word' id='word_1_382' title='bbox 348 3729 633 3827; x_wconf 85' lang='lat' dir='ltr'>populos</span> <span class='ocrx_word' id='word_1_383' title='bbox 671 3732 912 3823; x_wconf 85' lang='lat' dir='ltr'>juvari,</span> <span class='ocrx_word' id='word_1_384' title='bbox 963 3728 1077 3800; x_wconf 87' lang='lat' dir='ltr'>nifi</span> <span class='ocrx_word' id='word_1_385' title='bbox 1110 3729 1156 3802; x_wconf 83' lang='lat' dir='ltr'><strong>fi</strong></span> <span class='ocrx_word' id='word_1_386' title='bbox 1193 3729 1372 3824; x_wconf 90' lang='lat' dir='ltr'>quod</span> <span class='ocrx_word' id='word_1_387' title='bbox 1392 3732 1491 3825; x_wconf 87' lang='lat' dir='ltr'>jus</span> <span class='ocrx_word' id='word_1_388' title='bbox 1513 3755 1594 3802; x_wconf 84' lang='lat' dir='ltr'>ex</span> <span class='ocrx_word' id='word_1_389' title='bbox 1612 3732 1880 3803; x_wconf 64' lang='lat' dir='ltr'>victoria</span> <span class='ocrx_word' id='word_1_390' title='bbox 1901 3732 2274 3831; x_wconf 86' lang='lat' dir='ltr'>speraretur.</span> <span class='ocrx_word' id='word_1_391' title='bbox 2303 3728 2610 3845; x_wconf 27' lang='lat' dir='ltr'>pmibusm*</span> 
     </span>
     <span class='ocr_line' id='line_1_39' title="bbox 111 3805 2600 3935; baseline 0.001 -37"><span class='ocrx_word' id='word_1_392' title='bbox 111 3829 528 3907; x_wconf 85' lang='lat' dir='ltr'>Enimvero,</span> <span class='ocrx_word' id='word_1_393' title='bbox 573 3848 723 3895; x_wconf 89' lang='lat' dir='ltr'>cum</span> <span class='ocrx_word' id='word_1_394' title='bbox 755 3825 888 3917; x_wconf 83' lang='lat' dir='ltr'>jam</span> <span class='ocrx_word' id='word_1_395' title='bbox 904 3822 1064 3894; x_wconf 91' lang='lat' dir='ltr'>olim</span> <span class='ocrx_word' id='word_1_396' title='bbox 1088 3825 1377 3920; x_wconf 84' lang='lat' dir='ltr'>plurimae</span> <span class='ocrx_word' id='word_1_397' title='bbox 1394 3828 1690 3897; x_wconf 84' lang='lat' dir='ltr'>nationes</span> <span class='ocrx_word' id='word_1_398' title='bbox 1720 3879 1741 3911; x_wconf 90' lang='lat'><strong>,</strong></span> <span class='ocrx_word' id='word_1_399' title='bbox 1789 3826 1935 3923; x_wconf 89' lang='lat' dir='ltr'>post</span> <span class='ocrx_word' id='word_1_400' title='bbox 1963 3829 2283 3900; x_wconf 83' lang='lat' dir='ltr'>firmatam</span> <span class='ocrx_word' id='word_1_401' title='bbox 2310 3805 2520 3935; x_wconf 45' lang='lat' dir='ltr'>{glomi</span> <span class='ocrx_word' id='word_1_402' title='bbox 2543 3891 2568 3910; x_wconf 80' lang='grc'><strong>.</strong></span> <span class='ocrx_word' id='word_1_403' title='bbox 2597 3913 2600 3914; x_wconf 15' lang='lat'><em>⁷</em></span> 
     </span>
     <span class='ocr_line' id='line_1_40' title="bbox 104 3916 2425 4020; baseline 0 -26"><span class='ocrx_word' id='word_1_404' title='bbox 104 3921 405 4010; x_wconf 77' lang='lat' dir='ltr'>decreto</span> <span class='ocrx_word' id='word_1_405' title='bbox 427 3916 775 3991; x_wconf 80' lang='lat' dir='ltr'>inviolabili</span> <span class='ocrx_word' id='word_1_406' title='bbox 794 3916 1155 3989; x_wconf 86' lang='lat' dir='ltr'>libertatem</span> <span class='ocrx_word' id='word_1_407' title='bbox 1175 3970 1195 4002; x_wconf 88' lang='lat'>,</span> <span class='ocrx_word' id='word_1_408' title='bbox 1221 3921 1500 3990; x_wconf 83' lang='lat' dir='ltr'>nnumin</span> <span class='ocrx_word' id='word_1_409' title='bbox 1518 3944 1755 4018; x_wconf 88' lang='lat' dir='ltr'>corpus</span> <span class='ocrx_word' id='word_1_410' title='bbox 1771 3918 2093 4006; x_wconf 85' lang='lat' dir='ltr'>coiissent,</span> <span class='ocrx_word' id='word_1_411' title='bbox 2116 3928 2283 4020; x_wconf 85' lang='lat' dir='ltr'>opti·</span> <span class='ocrx_word' id='word_1_412' title='bbox 2318 3948 2425 3994; x_wconf 82' lang='lat' dir='ltr'>tur.</span> 
     </span>
     <span class='ocr_line' id='line_1_41' title="bbox 108 4008 2288 4115; baseline -0 -26"><span class='ocrx_word' id='word_1_413' title='bbox 108 4036 250 4089; x_wconf 87' lang='lat' dir='ltr'>mo</span> <span class='ocrx_word' id='word_1_414' title='bbox 279 4009 424 4110; x_wconf 87' lang='lat' dir='ltr'>jure</span> <span class='ocrx_word' id='word_1_415' title='bbox 456 4008 581 4083; x_wconf 91' lang='lat' dir='ltr'>sese</span> <span class='ocrx_word' id='word_1_416' title='bbox 616 4012 891 4085; x_wconf 62' lang='lat' dir='ltr'>abdufflt</span> <span class='ocrx_word' id='word_1_417' title='bbox 908 4011 993 4083; x_wconf 84' lang='lat' dir='ltr'>ab</span> <span class='ocrx_word' id='word_1_418' title='bbox 1014 4036 1098 4084; x_wconf 92' lang='lat' dir='ltr'>eo</span> <span class='ocrx_word' id='word_1_419' title='bbox 1130 4035 1423 4110; x_wconf 90' lang='lat' dir='ltr'>corpore</span> <span class='ocrx_word' id='word_1_420' title='bbox 1441 4015 1726 4086; x_wconf 89' lang='lat' dir='ltr'>membra</span> <span class='ocrx_word' id='word_1_421' title='bbox 1746 4019 1939 4086; x_wconf 86' lang='lat' dir='ltr'>armis</span> <span class='ocrx_word' id='word_1_422' title='bbox 1957 4039 2246 4115; x_wconf 87' lang='lat' dir='ltr'>repetere</span> <span class='ocrx_word' id='word_1_423' title='bbox 2265 4072 2288 4104; x_wconf 87' lang='lat'>‚</span> 
     </span>
     <span class='ocr_line' id='line_1_42' title="bbox 104 4105 2290 4273; baseline -0.001 -90"><span class='ocrx_word' id='word_1_424' title='bbox 104 4109 313 4204; x_wconf 80' lang='lat' dir='ltr'>cujus</span> <span class='ocrx_word' id='word_1_425' title='bbox 334 4105 534 4200; x_wconf 77' lang='lat' dir='ltr'>causae</span> <span class='ocrx_word' id='word_1_426' title='bbox 553 4111 921 4204; x_wconf 63' lang='lat' dir='ltr'>aequitatem</span> <span class='ocrx_word' id='word_1_427' title='bbox 935 4130 1125 4204; x_wconf 80' lang='lat' dir='ltr'>reges</span> <span class='ocrx_word' id='word_1_428' title='bbox 1141 4111 1215 4179; x_wconf 71' lang='lat' dir='ltr'>Sc</span> <span class='ocrx_word' id='word_1_429' title='bbox 1233 4114 1563 4207; x_wconf 87' lang='lat' dir='ltr'>principes</span> <span class='ocrx_word' id='word_1_430' title='bbox 1582 4114 1895 4184; x_wconf 84' lang='lat' dir='ltr'>maximos</span> <span class='ocrx_word' id='word_1_431' title='bbox 1919 4113 2060 4182; x_wconf 67' lang='lat' dir='ltr'>ictis</span> <span class='ocrx_word' id='word_1_432' title='bbox 2081 4112 2290 4273; x_wconf 49' lang='lat' dir='ltr'>{ecam</span> 
     </span>
     <span class='ocr_line' id='line_1_43' title="bbox 282 4227 2296 4277; baseline 0.003 -23"><span class='ocrx_word' id='word_1_433' title='bbox 282 4250 289 4254; x_wconf 85' lang='lat'>.</span> <span class='ocrx_word' id='word_1_434' title='bbox 725 4235 729 4240; x_wconf 88' lang='lat'><strong>·</strong></span> <span class='ocrx_word' id='word_1_435' title='bbox 2111 4227 2176 4273; x_wconf 81' lang='lat' dir='ltr'>oe</span> <span class='ocrx_word' id='word_1_436' title='bbox 2224 4228 2296 4277; x_wconf 76' lang='lat' dir='ltr'>e·-</span> 
     </span>
    </p>
   </div>
  </div>
 </body>
</html>
