2900 4628
436 234 1474 305 Histoe-unvai
1557 235 1797 304 mn.
1859 236 2042 309 ‚xv·.
2165 228 2418 326 3221·

148 346 369 442 inopia
387 367 662 442 quoque
674 399 700 431 ,
721 348 799 415 δι
816 346 1014 417 toties
1032 362 1250 417 renata
1266 343 1546 419 militum
1562 342 1876 419 seditione
1897 344 2168 443 ,populi
2181 369 2295 446 ge-
2382 362 2516 431 160·
2522 362 2587 456 ᾗ,

110 460 115 467 ’
148 443 341 510 tuitus
370 438 694 535 fletusque
726 439 1080 513 movebant
1100 492 1122 526 ,
1171 459 1242 511 ut
1261 459 1512 512 certum
1533 463 1610 512 ac
1676 438 1951 512 lacidum
1973 446 2299 538 principa-
2409 530 2412 533 ·
2446 458 2474 482 ··
2563 464 2580 508 -1

146 552 286 604 tum
311 588 333 621 ‚
378 557 581 630 quam
606 534 781 631 spem
801 557 950 605 cum
970 554 1145 606 metu
1181 530 1467 607 mallent.
1535 464 1672 608 seg
1682 532 1831 606 an‘te
1851 536 2013 606 alios
2030 534 2299 631 Spinola
2362 548 2629 631 ,Εωῐεφώῑ

144 629 390 705 consilii
409 631 548 721 ejus
567 628 795 700 αυᾶοι·
817 681 839 716 ,
858 632 1009 724 quia
1032 634 1249 726 paucis
1269 634 1453 701 annis
1472 630 1749 709 multum
1769 629 1999 725 gloriae
2014 646 2292 727 partum,
2317 621 2629 765 affl&

142 745 225 793 ne
245 743 423 794 retro
443 720 703 795 fortuna
722 721 917 794 ferret
937 726 1271 797 verebatur
1301 748 1323 793 τ
1357 718 1540 797 simul
1560 722 1757 796 fracta
1776 747 1859 796 nu
1910 748 1980 795 er
1998 730 2072 794 δε
2096 723 2204 796 sua
2225 728 2301 795 δε
2454 708 2517 751 “⁶
2611 764 2618 787 =

140 821 321 913 regia
338 816 472 888 fide
496 871 517 904 ,
538 818 585 890 fi
603 834 936 890 manerent
954 840 1157 891 onera
1177 872 1197 906 ,
1225 823 1301 890 &
1323 823 1758 892 Amerieanos‘
1769 843 1838 892 re
1882 824 2010 892 itus
2030 818 2168 891 fors
2183 820 2306 891 ali-
2381 856 2386 863 ·

193 917 731 991 uainterverteret
754 966 776 1001 ,
825 912 992 987 nu'lla
1006 912 1117 1011 spe
1130 915 1546 1010 recuperandi
1563 939 1709 1012 quae
1728 914 2046 1011 erogasset
2069 966 2090 1001 ,
2132 930 2304 987 mer-

169 1030 242 1076 us
259 1028 386 1076 aere
398 1005 611 1077 alieno
635 1059 657 1094 ,
689 1032 730 1078 e
750 1005 913 1078 clara
934 1004 1195 1080 fortuna
1210 1007 1488 1080 dedecus
1506 1029 1700 1105 atque
1721 1014 2009 1106 inopiam
2030 1007 2300 1107 prospe·
2338 1017 2494 1087 Multi
2522 1022 2628 1079 Foe:

139 1098 379 1171 &aban
444 1106 537 1171 At
553 1103 607 1171 F
609 1100 931 1173 oederatas
956 1124 992 1172 a
1043 1104 1129 1174 ud
1154 1124 1381 1199 gentes
1397 1108 1582 1199 pauci
1599 1102 1849 1198 sperare
1868 1107 2077 1175 otium
2100 1106 2294 1175 aude·
2326 1088 2607 1151 “'mm‘m

140 1190 297 1266 bant
323 1247 343 1280 ,
389 1194 763 1267 metuebant
830 1200 973 1267 uini
1024 1193 1224 1293 ipsum
1287 1197 1396 1267 leri
1450 1221 1530 1269 ue
1550 1252 1570 1284 ,
1596 1203 1682 1269 ita
1698 1222 1735 1269 a
1801 1198 2121 1269 arentibus
2140 1221 2288 1275 eru·
2321 1165 2621 1292 pama-

137 1286 260 1360 diti
281 1340 303 1377 ,
323 1290 714 1384 repudianda
733 1296 799 1362 in
853 1289 943 1361 do
960 1315 1108 1363 cum
1130 1291 1218 1362 ho
1271 1315 1310 1362 e
1328 1315 1413 1364 co
1460 1297 1661 1390 oquia
1689 1347 1710 1379 ‚
1745 1224 1819 1363 gc
1841 1292 2294 1390 qualicumque
2315 1233 2451 1365 &aa
2612 1302 2624 1312 ‘

188 1382 445 1455 actione
476 1388 674 1457 tutius
712 1384 949 1479 bellum
990 1437 1014 1472 ‚
1083 1387 1160 1455 δε
1196 1409 1445 1485 magnae
1480 1387 1818 1475 hominum
1853 1386 2296 1469 multitudini,

137 1406 311 1549 fland
352 1478 625 1550 militum
649 1478 860 1551 modo
879 1532 902 1567 ,
953 1476 1063 1550 sed
1091 1483 1167 1549 &
1188 1480 1450 1576 reliquae
1472 1480 1677 1578 plebis
1704 1535 1726 1570 ,
1778 1505 1953 1552 arma
1981 1533 2003 1566 ,
2053 1480 2303 1552 machi-

134 1594 277 1658 nae,
322 1578 682 1662 exercitus,
730 1568 953 1645 claffes
973 1572 1240 1669 quaestui
1268 1576 1475 1646 erant.
1520 1577 1710 1646 'Nec
1738 1580 1962 1672 paucis
1985 1574 2307 1647 formida-

136 1683 276 1736 tum
301 1719 323 1753 ,
358 1691 439 1738 ne
479 1687 549 1738 ut
566 1667 733 1739 olim
756 1672 1033 1738 immota
1056 1721 1079 1754 ,
1122 1671 1211 1739 ita
1230 1693 1400 1740 nunc
1420 1667 1671 1741 reddita
1690 1694 1849 1766 pace
1866 1726 1885 1752 ,
1933 1672 2305 1764 Antverpiae

134 1758 721 1836 commodiffimam
760 1756 981 1855 sedem
997 1783 1349 1835 mercatura
1374 1763 1682 1860 deligeret
1726 1786 1744 1832 ε
1792 1768 1988 1833 etiam
2017 1816 2036 1848 ,
2075 1783 2306 1833 amoto

73 1873 94 1890 ·
131 1853 219 1925 ab
240 1854 420 1927 hoste
442 1876 618 1927 metu
643 1909 673 1945 2
713 1854 1044 1943 civitatum
1085 1852 1330 1928 diffidia
1350 1880 1427 1927 ac
1454 1850 1859 1928 turbamenta
1900 1855 2305 1953 Reipublicae

135 1949 555 2021 timebantur.
623 1950 783 2021 Nec
802 1944 1030 2033 tamen:
1056 1948 1360 2038 deerant,
1410 1951 1534 2023 illis
1561 1950 1880 2059 praecipue
1902 1955 1965 2020 in
1999 1950 2259 2048 populis
2279 2002 2305 2037 ,

138 2042 379 2138 quibus
402 2043 598 2116 bostis
622 2048 697 2114 &
717 2042 996 2140 pericula
1020 2048 1382 2142 propiora,
1425 2050 1539 2142 qui
1551 2044 1941 2140 jampridem
1961 2097 1984 2131 ‚
2037 2044 2193 2114 dum
2212 2067 2309 2115 ra-

136 2141 209 2235 pi
228 2137 400 2210 velut
412 2141 662 2236 'impetu
682 2137 874 2208 urbes
901 2168 945 2224 ‚⁴
967 2142 1086 2210 nec
1105 2150 1374 2235 usquam
1386 2148 1617 2221 'contra
1640 2144 1763 2224 iri,
1790 2142 1863 2209 δι
1970 2162 2004 2206 ι·
2027 2136 2308 2235 pruden-

134 2237 248 2303 tiae
265 2229 542 2329 speciem
574 2231 739 2302 fines
759 2232 1051 2302 imminui
1074 2231 1293 2305 vident
1310 2285 1333 2321 ,
1376 2231 1642 2306 eosdem
1673 2256 1830 2303 mox
1899 2230 1988 2304 ibi
2010 2230 2183 2302 caius
2231 2234 2307 2302 δε

133 2326 271 2399 stra
284 2328 568 2399 remedia
586 2325 906 2424 fingentes
922 2383 945 2412 ,
994 2327 1076 2398 ad
1095 2351 1323 2424 pacem
1338 2333 1594 2400 animos
1610 2331 1880 2400 nimium
1904 2349 2170 2424 quoque
2189 2325 2301 2399 de-

118 2420 470 2494 flexerant.
542 2427 891 2518 AEquiores
913 2474 933 2507 ,
953 2441 1023 2492 ut
1040 2421 1327 2493 vitandas
1345 2423 1598 2496 infidias
1621 2478 1640 2511 ,
1674 2427 1760 2493 ita
1777 2422 2155 2494 tentandum
2181 2445 2298 2518 pu-

132 2517 360 2589 tabant
384 2569 408 2603 ,
547 2513 792 2586 ffentne
809 2521 985 2588 arma
1004 2518 1161 2612 poni
1186 2522 1384 2613 aequis
1412 2516 1660 2614 legibus
1686 2571 1707 2604 ‚
1733 2517 2047 2593 incolumi
2069 2518 2300 2611 Repu-

134 2609 308 2686 blica
331 2665 350 2698 ,
398 2608 458 2682 la
483 2615 574 2684 vis
594 2608 780 2683 {acris
823 2633 845 2679 ε
894 2634 1016 2682 nec
1052 2612 1493 2685 omittendum
1517 2614 1647 2685 boc
1665 2631 1921 2707 tempus
1946 2664 1968 2697 ‚
2015 2612 2174 2683 dum
2192 2631 2299 2680 res
2330 2651 2336 2656 ·

133 2705 421 2778 hostium
440 2705 756 2775 inclinatae
775 2760 796 2792 ‚
843 2706 1081 2777 coalita
1100 2706 1304 2802 longo
1325 2703 1647 2803 obsequio
1662 2705 1992 2776 Ordinum
2011 2704 2299 2774 auctori-

133 2820 278 2881 tas,
331 2803 407 2868 &
429 2800 603 2871 velut
622 2799 704 2869 ad
722 2799 882 2871 latus
900 2798 1093 2871 validi
1116 2797 1251 2870 duo
1272 2804 1595 2900 principes
1615 2853 1636 2885 ,
1664 2800 1822 2869 alter
1845 2795 2136 2903 Hispano
2158 2847 2179 2881 ,
2200 2794 2308 2865 al-

130 2915 238 2965 ter
258 2891 568 2963 Pontifici
578 2893 763 2988 justis
786 2893 868 2964 de
889 2894 1086 2965 causis
1106 2891 1330 2966 infensi
1355 2947 1376 2981 ,
1425 2918 1640 2991 eoque
1663 2896 1911 2963 Batavis
1934 2889 2286 2961 fideliores.

132 2993 297 3061 Hoc
336 2990 508 3057 intus
538 3007 731 3083 atque
748 3008 943 3070 „extra
976 3010 1186 3059 rerum
1229 2986 1391 3060 statu
1431 2992 1842 3059 Hermannus
1880 2984 2290 3057 Wittenhor-
2356 2988 2583 3071 ermqt-

133 3083 293 3155 stius
311 3135 337 3170 ,Ν
345 3079 545 3177 jussus
568 3080 1004 3154 Archiducum
1027 3136 1049 3169 ,
1072 3085 1324 3179 Hagam
1342 3080 1603 3155 advenit
1624 3134 1644 3167 ‚
1667 3083 1813 3151 anni
1834 3080 2035 3150 exitu.
2101 3077 2285 3149 Idem
2302 3058 2618 3204 Zoessfflff‘s'

143 3181 225 3246 &
246 3197 581 3272 antequam
604 3176 940 3270 prodirent
957 3180 1281 3249 exercitus
1300 3226 1323 3261 ,
1359 3200 1504 3248 vere
1527 3173 1666 3273 ipso
1690 3228 1711 3259 ,
1751 3172 2086 3245 Geldriam
2110 3173 2277 3243 Hol-
2311 3202 2566 3261 dmg,

134 3266 546 3367 landiamque
566 3272 820 3342 obierat
839 3325 862 3358 ‚
908 3270 1013 3342 sed
1036 3275 1283 3365 privata
1301 3288 1548 3343 tantum
1585 3269 1915 3364 colloquia
1934 3263 2136 3338 serere
2164 3262 2286 3363 jus-
2305 3287 2420 3349 pace
2441 3280 2582 3335 aau-

133 3363 244 3438 sus
269 3418 289 3450 ,
335 3387 620 3460 quorum
643 3362 841 3435 multa
860 3364 978 3462 jpfi
997 3365 1251 3436 occafio
1271 3387 1387 3460 per
1403 3361 1680 3461 majores
1700 3383 1810 3433 aut
1829 3361 2151 3432 connubia
2176 3361 2288 3430 de·-
2309 3365 2400 3471 ’Ὗ
2415 3355 2613 3430 ⁸⁴8²*
2677 3421 2681 3432 .

132 3461 363 3534 vincto
403 3462 654 3531 Batavis
673 3457 1162 3542 nobilitatibuS„
1201 3463 1293 3528 At
1314 3483 1485 3532 nunc
1510 3515 1529 3544 ‚
1576 3461 1820 3529 comite
1845 3457 2134 3528 Iohanne
2156 3460 2286 3529 Ge·
2345 3463 2579 3553 mmm),

128 3555 342 3629 vardo
362 3552 567 3625 scriba
587 3553 1045 3627 Turnholtano
1075 3554 1105 3648 (
1124 3573 1393 3649 uterque
1411 3552 1478 3624 id
1499 3552 1704 3626 solum
1723 3551 2015 3624 habitans
2039 3606 2058 3640 ‚
2095 3545 2281 3648 quod
2312 3563 2491 3619 accedit
2514 3573 2608 3644 Ges

126 3649 383 3721 tributa
401 3649 688 3744 partibus
708 3648 1014 3746 penderet
1038 3702 1065 3738 2
1105 3647 1423 3721 faciliores
1439 3648 1712 3719 habebat
1730 3647 1939 3724 aditus
1958 3647 1993 3735 )
2041 3642 2287 3745 potiffi-
2310 3634 2518 3694 ’Ψω-

129 3748 270 3817 mis
308 3767 652 3842 procerum
687 3742 986 3815 mandata
1027 3733 1283 3814 Alberti
1320 3750 1396 3814 &
1428 3740 1706 3813 lsabellae
1723 3741 2003 3813 ostendit
2036 3749 2102 3814 in
2120 3742 2287 3813 banc

129 3836 352 3913 ferme
372 3836 740 3910 sententiam
785 3861 804 3907 :
852 3836 1046 3909 Nihil
1062 3837 1208 3935 ipfis
1247 3862 1292 3909 o
1369 3841 1532 3910 atius
1555 3889 1575 3923 ‚
1622 3855 1814 3932 quam
1834 3839 2121 3931 quietem
2261 3871 2295 3888 -

134 3933 312 4030 pulis
338 3988 358 4017 ,
407 3932 604 4003 finem
624 3937 908 4004 cruentis
928 3931 1257 4004 laboribus
1280 3859 1431 4003 ἔξω
1469 3956 1488 4000 :
1530 3955 1651 4002 nec
1671 3935 1895 4027 ignota
1928 3932 2170 4004 Ordini
2223 3951 2298 4001 us

136 4028 588 4100 Archiducum
602 4028 770 4123 juta,
787 4027 953 4100 haud
971 4027 1173 4100 aliena
1189 4025 1584 4124 poscentium
1607 4049 1624 4095 t
1651 4024 1766 4123 ipsi
1786 4043 2014 4096 contra
2034 4047 2297 4125 prome-

138 4139 292 4197 rent
315 4175 337 4213 ‚
369 4145 515 4222 quoe
533 4119 864 4197 firmandae
878 4121 1195 4196 securitati
1211 4123 1675 4193 arbitrarentur
1691 4173 1710 4209 ,
1734 4141 1959 4218 pacem
1981 4120 2083 4192 seu
2106 4118 2298 4226 indu-

1236 4224 1265 4291 1
1293 4221 1314 4289 i
1365 4243 1398 4313 3
2106 4233 2240 4282 cias
2263 4269 2294 4296 ,
