2900 4628
324 148 1404 269 *uisroninnvM
1489 200 1732 269 Lin.
1814 202 2037 271 vni.
2162 222 2289 293 359

163 329 417 405 ceptare
436 306 703 379 militem
733 305 1044 379 abnuerat
1064 361 1085 394 ‚
1132 312 1475 380 tormentis
1492 307 1882 380 verberatam
1904 363 1926 397 ,
1968 330 2174 405 portae
2191 335 2305 407 per
2363 332 2390 376 1
2407 329 2569 400 599.

160 409 369 479 ruinas
389 426 521 473 non
544 400 674 477 fine
693 397 994 498 sanguine
1014 406 1210 471 irrum
1300 422 1412 472 ret.
1479 405 1673 499 Goga
1690 425 1956 496 quoque
1981 456 2000 486 ,
2037 407 2306 477 ditionis

161 498 444 591 ejusdem
473 549 495 581 ,
531 500 881 566 tormentis
896 494 1144 566 subaela
1164 518 1200 565 e
1260 545 1278 561 .
1354 498 1671 589 Genncpa
1692 502 1766 565 ὄσ
1791 500 2118 566 Xantemo
2156 521 2307 592 per·

157 587 348 661 miffis
374 584 684 669 incussum
704 610 1019 675 terrorem
1040 592 1306 684 pecunia
1328 588 1670 659 redimere.
1742 588 2206 660 Lutheranilini
2232 596 2306 661 δε

112 722 115 725 -
160 681 526 761 calvinismi
545 682 773 772 odium
793 703 923 751 tam
948 686 1359 777 pertinaciter
1366 679 1655 776 jaelabat
1673 736 1695 768 ,
1722 702 1791 752 ut
1812 683 2310 756 paterbornenfi

154 774 463 874 episcopo
483 776 750 870 aliisque
772 779 1121 870 imperaret.
1132 778 1402 873 purgare
1416 798 1617 846 terras
1635 779 1839 846 noxio
1857 775 2048 872 vulgo
2073 809 2093 861 3
2122 782 2181 847 ni
2205 779 2303 848 fa-

122 932 125 937 .
153 893 398 956 cerent,
421 892 723 942 venturos
745 870 1118 963 milites,qui
1140 893 1258 940 nec
1282 873 1425 941 vitae
1449 869 1755 955 sontium,
1782 892 1900 939 nec
1923 893 2304 942 caeterorum
2407 944 2412 947 Α

150 963 431 1055 ξοῐωηίε
455 984 813 1062 parcerent.
840 960 1360 1034 Formidolofilm
1387 963 1794 1060 idaimprimis
1819 961 2303 1050 Vesalienfibus‚

150 1063 266 1153 qui
288 1061 627 1145 Romanos
651 1060 808 1126 ritus
830 1058 1155 1127 restituere
1163 1055 1882 1151 jubebantur‚Consilio
1909 1056 2088 1126 ducis
2103 1058 2301 1129 Clivi-

148 1157 210 1222 ci
234 1154 325 1222 ‘us
348 1156 711 1246 principum
739 1146 1071 1245 ulhrpante
1094 1205 1113 1233 ,
1148 1174 1429 1246 quorum
1456 1172 1567 1244 per
1592 1154 2006 1223 Germanicas
2022 1151 2194 1247 leges
2215 1151 2305 1223 de

146 1177 259 1329 reli
314 1250 482 1315 ionis
508 1243 615 1331 ulii
637 1243 1027 1331 liberrimum
1046 1243 1160 1315 est.
1234 1242 1560 1327 Foederati
1605 1266 1779 1315 certe
1817 1244 2102 1315 Ordines
2125 1244 2302 1316 sena·

147 1336 277 1410 tori
334 1363 405 1408 us
442 1336 884 1421 ostenderant,
930 1362 1065 1407 rem
1097 1335 1224 1409 esse
1260 1339 1595 1434 indignam
1617 1390 1639 1422 ,
1686 1336 1766 1409 ad
1790 1360 1978 1408 nutus
2013 1336 2299 1410 barbara:

143 1437 360 1529 gentis
383 1484 403 1516 ‚
427 1454 571 1526 quae
588 1444 848 1499 omnem
916 1435 1120 1501 ieratis
1140 1430 1383 1502 sensum
1406 1433 1591 1503 raetis
1609 1456 1645 1501 a
1664 1427 1724 1502 st
1742 1430 2071 1503 abdicaret
2089 1489 2106 1513 ,
2129 1430 2299 1503 [acra

144 1524 414 1621 publico
446 1530 583 1616 jure
603 1523 852 1593 firmata
917 1528 968 1594 is
984 1531 1071 1614 erj
1081 1530 1146 1623 pi
1172 1578 1191 1609 ,
1240 1529 1354 1619 qui
1375 1549 1411 1596 a
1433 1523 1804 1621 parentibus
1825 1549 1900 1595 ea
1935 1524 2162 1597 tradita
2183 1549 2298 1597 ae-

140 1616 451 1714 cepiss'ent
495 1642 514 1687 ε
537 1618 796 1689 ‘hortati
823 1622 895 1687 δι
927 1621 1248 1691 civitatem
1270 1642 1351 1690 ne
1370 1623 1435 1689 in
1455 1623 1584 1689 Dei
1607 1617 1783 1689 causa
1807 1624 1937 1697 vim
1955 1619 2294 1691 hominum

141 1718 413 1783 nimium
446 1712 964 1807 pertimescerent
1004 1736 1022 1780 ε
1073 1718 1231 1807 quin
1256 1710 1454 1782 fortia
1475 1733 1775 1809 caperent
1792 1711 2049 1784 consilia
2068 1714 2293 1785 adver-

136 1801 238 1881 fils
268 1806 614 1900 procellam
633 1802 808 1875 brevi
827 1802 1031 1900 spatio
1047 1801 1524 1877 evanestentem
1539 1831 1576 1875 ·:
1607 1806 1667 1877 st:
1683 1808 1946 1900 quidem
1967 1830 2084 1877 nec
2096 1831 2284 1878 ‚com-

139 1905 430 1975 munium
451 1898 773 1969 laetorum
799 1951 818 1982 ,
855 1922 972 1968 nec
991 1898 1317 1997 hospitalis
1338 1897 1639 1991 beneficii
1673 1903 2088 1970 immemores
2109 1900 2278 1970 fore.

138 1992 268 2068 Sed
285 2016 491 2072 metus
516 2015 917 2088 propinquus
942 2044 961 2075 ,
980 1989 1120 2087 spes
1141 2013 1410 2063 remotae
1427 1996 1679 2064 animos
1699 1991 2111 2090 subegerant3
2134 2018 2280 2063 ora·
2335 2006 2401 2056 νε
2417 1999 2602 2068 aienses

78 2127 83 2130 ·
136 2104 343 2181 toque
366 2086 591 2157 frustra
608 2108 675 2157 ut
697 2086 935 2181 templa
1003 2091 1177 2155 artiri
1195 2086 1417 2155 liceret
1441 2138 1464 2170 ,
1493 2088 1732 2157 exastis
1750 2094 1862 2181 qui
1882 2085 2132 2157 fuerant
2155 2069 2388 2197 επὶ-ζα
2421 2074 2604 2201 ⁷⁴22,

135 2180 347 2268 nistris
374 2234 393 2266 ,
444 2181 614 2267 aedes
648 2178 912 2275 ludique
976 2184 1209 2251 iterarii
1232 2178 1476 2250 Iesuitis
1497 2228 1519 2265 ,
1569 2183 1886 2276 imprimis
1922 2179 2050 2250 illic
2070 2178 2273 2259 invilb
2302 2159 2564 2274 ρχρῗᾶἱ,

134 2273 476 2364 bominum
556 2275 730 2345 eneri
753 2327 776 2357 ,
825 2295 1108 2368 patuere.
1184 2272 1552 2345 Coriolano
1570 2272 1945 2347 Garzadore
1965 2274 2272 2373 episcopo
2296 2284 2419 2358 suaa
2453 2292 2604 2343 Men-

134 2296 556 2467 Oiigerdenff
571 2423 590 2450 ,
628 2370 741 2464 qui
762 2374 969 2439 nuntii
995 2371 1259 2438 nomine
1279 2390 1378 2438 res
1402 2367 1745 2440 Pontificis
1773 2370 2271 2465 perinferiorem
2295 2356 2407 2431 ‘ff‘
2426 2364 2601 2414 nonu.

133 2467 552 2544 Germaniam
570 2461 802 2559 agebat
822 2515 844 2549 ,
867 2458 1154 2536 solennes
1174 2460 1580 2534 lustrationes
1598 2483 1942 2561 peragente
1960 2495 1980 2546 ;
2025 2462 2106 2534 as
2133 2467 2269 2572 ergi
2296 2426 2577 2573 xlm.

130 2557 403 2634 humum
430 2608 448 2641 ,
493 2554 663 2654 ipsos
704 2552 1028 2653 suggestus
1051 2608 1073 2640 ,
1110 2555 1281 2628 velut
1305 2558 1661 2652 impietatis
1681 2579 1871 2644 reos,
1918 2553 2085 2655 flage
2111 2556 2224 2627 lari
2249 2609 2270 2642 ‚

129 2652 289 2723 dein
311 2650 538 2758 longas
562 2645 771 2722 Miffae
800 2652 1212 2723 caeremonias
1249 2702 1270 2735 ‚
1315 2672 1467 2746 apta
1485 2649 1764 2723 ostentui
1784 2657 2047 2736 omnia,
2095 2649 2280 2745 plebs

127 2744 376 2820 urbana
414 2743 904 2842 simplicioribus
926 2739 1109 2815 fieris
1131 2749 1415 2843 quinqua
1469 2747 1595 2815 'nta
1615 2768 1728 2842 per
1761 2768 1967 2815 annos
1993 2741 2229 2814 affueta
2254 2795 2279 2829 ,

129 2862 282 2951 pars
308 2837 815 2935 indignabundi,
864 2861 1009 2934 pars
1030 2861 1165 2910 non
1197 2838 1325 2910 fine
1344 2843 1399 2908 ri
1428 2861 1470 2909 u
1495 2839 1827 2936 respicere.
1894 2834 2279 2930 Sacerdotes

125 2957 198 3013 m
221 2955 454 3029 magna
481 2931 868 3028 templorum
896 2927 1235 3002 solitudine
1259 2982 1280 3015 ‚
1425 2931 1612 3027 pulus
1652 2931 1796 3004 suos
1834 2934 1991 3001 ritus
2024 2952 2279 3003 tantum

125 3031 466 3124 requirens
486 3080 505 3111 ,
554 3046 866 3120 quantum
906 3023 1150 3097 alienos
1174 3024 1325 3095 dete
1378 3026 1639 3109 abatur,
1687 3024 1895 3120 infesti
1932 3037 2161 3096 mutuo
2180 3022 2279 3096 su·

122 3118 457 3226 speciique
491 3139 800 3218 egerunt,
842 3144 957 3214 per
992 3140 1189 3188 omne
1229 3115 1296 3187 id
1332 3136 1629 3212 tempus,
1673 3142 1811 3215 quo
1840 3116 2271 3214 Hispanorum

124 3218 342 3313 copiae
360 3213 518 3288 fines
541 3212 919 3293 obsidebant
942 3236 961 3280 :
1011 3217 1086 3282 iis
1107 3210 1326 3306 postea
1348 3207 1635 3306 digrcffis
1656 3264 1692 3296 „
1711 3211 1889 3283 simul
1908 3216 2022 3307 qui
2037 3236 2267 3283 eorum
2331 3254 2538 3333 Mem

123 3314 190 3396 vi
227 3309 595 3379 nitebantur
628 3304 941 3377 exceffere
962 3360 980 3392 ,
1029 3302 1633 3377 civitaslibertatem
1656 3309 1728 3374 &
1751 3329 1963 3380 mores
1986 3310 2254 3403 recepit.
2291 3307 2522 3400 Hisp‘ino-

117 3410 267 3479 Iam
286 3393 735 3493 inclinantibus
755 3405 819 3470 in
840 3402 1151 3473 ultionem
1174 3403 1537 3470 Germaniae
1559 3399 1833 3472 consiliis
1856 3453 1878 3485 ,
1897 3399 2213 3471 Mendosa
2238 3452 2260 3487 ,
2284 3415 2589 3539 ‘⁷2:302ss

177 3521 300 3568 uan
354 3521 495 3576 uam
518 3489 878 3592 praetulerat
910 3494 1215 3574 haetenus
1246 3516 1325 3563 ex
1349 3491 1460 3562 usu
1480 3481 1851 3591 Regis‘sore
1872 3546 1892 3578 ‚
1940 3491 2260 3566 fi-vincen-
2280 3536 2550 3597 mmm

118 3522 199 3663 gi
221 3591 323 3663 bel
348 3616 459 3672 ‚um
496 3594 855 3687 inciperent
876 3642 897 3675 ,
930 3594 1018 3666 A&
1039 3590 1098 3661 se
1127 3588 1281 3680 juris
1305 3587 1670 3679 Qiritium
1706 3588 2072 3660 inscientem
2096 3590 2259 3662 mili·
2288 3612 2531 3687 recipiente.

120 3689 249 3758 tari
265 3707 455 3782 agere
470 3685 654 3774 malle
675 3736 695 3769 ,
729 3680 929 3782 reipla
950 3675 1237 3754 conscius
1260 3705 1393 3751 non
1412 3678 1838 3778 duplicandos
1859 3681 2071 3754 hostes
2090 3735 2110 3770 ‚
2146 3709 2261 3754 ex-

170 3776 393 3862 loratis
433 3777 547 3877 per
565 3779 859 3850 homines
893 3776 1168 3848 idoneos
1212 3778 1574 3870 principum
1597 3779 1670 3850 &
1697 3777 2076 3848 aucloritate
2094 3802 2259 3876 prae-
2317 3775 2551 3860 Mandofip

115 3802 424 3966 gentium
446 3871 690 3958 studiis,
711 3893 856 3966 quae
877 3871 1024 3968 ipfis
1043 3868 1315 3956 vincula,
1335 3875 1484 3962 quis
1501 3866 1821 3941 foederum
1845 3871 2077 3944 modus
2102 3926 2123 3959 ‚
2145 3897 2253 3943 ne·-
2269 3863 2584 3989 ffig‘aeg

175 3987 257 4035 ue
292 3963 654 4040 muneribus
691 3986 899 4059 neque
927 3965 1066 4036 aliis
1105 3960 1349 4046 artibus
1389 3960 1746 4035 abstinebat
1768 4017 1790 4049 ,
1838 3989 1909 4035 ut
1945 3976 2253 4044 coeuntes
2274 3987 2584 4063 calumu-

110 3989 521 4138 distraheret.
582 4058 1006 4156 Tandemque
1053 4081 1270 4156 operae
1315 4060 1593 4154 pretium
1623 4055 1817 4167 visum
1852 4061 1945 4148 est
1977 4062 2255 4154 conqui-
2281 4057 2580 4131 bacam.

1152 4154 1210 4224 Z
1265 4174 1319 4246 4
1864 4173 1868 4177 ·
2073 4153 2310 4237 rere,'

136 4227 243 4259 -.e
306 4231 321 4253 ,
