2900 4628
351 198 1390 295 H1sroR1ARvM‘
1471 222 2009 297 LIB.Xv1.
2134 218 2260 317 5'07

115 326 456 417 difficilius,
478 336 665 430 queis
686 334 912 405 molles
931 353 1102 403 artus
1123 333 1340 404 calore
1356 331 1743 419 diffluerent,
1768 346 1898 430 prae
1912 323 2081 429 quos
2108 334 2252 407 suus
2305 347 2509 433 1607.

112 425 482 521 Septentrio
503 484 521 510 ‚
557 434 630 497 &
652 426 853 499 infiasa
879 429 1155 499 Oceano
1176 429 1377 523 patria
1394 430 1461 497 in
1482 431 1693 497 omnis
1713 429 2116 499 incommodi
2138 454 2250 526 pa·

114 521 399 591 tientiam
423 520 767 592 durassent.
808 525 1124 592 Americae
1141 523 1404 604 extima,
1429 524 1647 613 quajn
1669 542 2011 617 utrumque
2029 524 2254 595 mundi

111 612 435 685 cardinem
503 615 973 709 rocurrit‚adeo
994 636 1128 683 non
1152 612 1449 711 usurpata
1465 619 1573 684 vix
1588 613 1744 685 dum
1762 615 1959 685 nosci.
1977 620 2263 687 Trinita-
2311 640 2314 641 ⁷

111 708 193 778 tis
212 708 294 778 ab
317 705 452 779 insu
477 731 512 779 a
540 709 1085 804 AEquinofflalem
1126 730 1330 802 usque
1351 705 1594 777 nudum
1618 712 1691 778 δε
1707 709 1837 781 fine
1857 709 2133 780 domino
2154 711 2262 781 lit·

109 819 236 870 tus.
264 800 533 873 Caeteris
548 808 734 873 terris
746 800 945 899 sparsa
962 797 1397 898 Hispanorum
1416 798 1838 897 praefidiaJed
1854 808 2046 873 tantis
2069 797 2264 890 inte'r·

104 893 284 966 vallis
304 947 323 979 ,
346 895 420 965 ‘ut
440 920 558 966 nec
576 898 807 979 mutuo
827 895 941 969 fibi
960 895 1199 967 auxilio
1217 892 1344 965 effe
1362 894 1600 991 poffint
1617 944 1637 981 ,
1659 918 1776 967 nec
1797 897 2124 989 interjecta
2143 896 2258 969 dc·

24 1040 27 1043 -
102 986 387 1059 sendere.
458 994 594 1060 Iam
610 990 676 1062 ·fi
708 1014 884 1072 arma
901 989 1202 1061 darentur
1224 1042 1247 1075 ,
1294 1012 1394 1059 ma
1450 989 1574 1061 'stri
1591 995 1671 1065 δι’.
1693 990 1836 1062 usus
1852 991 2258 1078 accederent,

101 1102 276 1178 quot
302 1078 501 1161 essent
525 1084 691 1157 illius
710 1083 911 1181 pl-agae
934 1083 1156 1181 populi
1182 1136 1203 1168 ‚
1253 1011 1532 1154 totifem
1554 1086 1620 1154 in
1639 1085 1991 1180 Hispanum
2010 1090 2260 1156 exerci-

99 1194 206 1248 tus
220 1173 370 1247 fore
391 1230 411 1261 ‚
435 1176 786 1260 fideliores,
800 1201 992 1273 quam
1012 1179 1058 1249 fi
1077 1174 1404 1273 stipendiis
1427 1199 1814 1264 emerentur,
1847 1201 1959 1276 per
1981 1178 2270 1274 pristin&

92 1270 1343 1366 crudelitatis-memonamztaediumque
1381 1270 1720 1343 duriffimae
1735 1271 2068 1344 servitutis.
2118 1277 2256 1347 Iam

92 1363 274 1435 illam
294 1366 627 1460 magnitud
700 1388 806 1435 em
828 1419 849 1451 ‚
901 1388 1045 1462 quae
1062 1365 1416 1436 terribilem
1439 1362 2057 1461 Hispanum‘faceret
2076 1419 2097 1451 ‚
2133 1365 2252 1438 fibi

94 1453 421 1554 spondere
434 1458 676 1530 audeba
725 1480 778 1545 t,
799 1460 1071 1556 gloriam
1092 1479 1267 1529 certe
1291 1457 1377 1528 illi
1384 1482 1459 1529 us
1481 1460 1724 1535 militiae
1744 1481 2121 1558 perpetuam
2142 1457 2255 1530 fo-

68 1564 206 1636 “re,
231 1552 416 1647 quod
435 1606 456 1641 ,
482 1550 924 1634 abse‘remoto
1027 1554 1234 1628 riculo
1253 1604 1275 1639 ‚
1297 1553 1543 1625 hostem
1562 1556 1630 1625 in
1648 1553 1739 1626 lui
1756 1559 2010 1653 imperii
2030 1550 2253 1626 discri-

90 1669 244 1718 men
263 1699 286 1732 ‚
382 1647 780 1743 roexemplo
805 1701 823 1733 ‚
845 1671 927 1719 au
988 1643 1187 1718 ellent
1206 1644 1530 1719 adducere
1559 1671 1581 1716 ε
1623 1671 1746 1719 nec
1765 1646 1917 1721 illud
1939 1653 2006 1721 in
2027 1648 2255 1720 huma-

52 1745 249 1813 ‘num
278 1761 363 1838 ge
507 1742 644 1813 leve
664 1748 964 1812 meritum
986 1794 1008 1828 ,
1058 1741 1489 1814 Christianam
1507 1741 1619 1813 reli
1669 1764 1890 1813 ionem
1908 1741 2079 1840 apud
2097 1765 2256 1840 gen-

85 1853 185 1904 tes
207 1819 471 1930 ignara}
532 1856 640 1905 aut
664 1859 797 1905 uno
812 1858 893 1906 ex
906 1857 1126 1905 errore
1143 1840 1209 1906 in
1227 1835 1420 1906 alium
1441 1764 1762 1907 tradugas
1781 1887 1801 1919 ‚
1871 1842 2043 1907 urius
2057 1857 2254 1933 atque
2555 1887 2558 1890 -

81 1925 398 2001 fincerius
420 1883 819 2025 pr'bpagaffe.
856 1928 1108 2001 Contra
1125 1929 1256 2013 alii,
1276 1930 1515 1999 multos
1534 1925 1706 2000 casus
1728 1929 1830 2000 bel
1858 1953 1994 2016 um,
2012 1930 2251 2001 multos
2301 1941 2560 2001 Δὸὶιιω

80 2045 268 2094 mare
303 2026 436 2090 reci
525 2045 595 2091 re
617 2075 636 2107 ,
685 2045 801 2093 nec
824 2025 1171 2120 quicquam
1195 2026 1414 2093 Marte
1435 2026 1764 2094 maritimo
1784 2026 2122 2097 incertius.
2177 2025 2248 2094 Si
2274 2026 2561 2092 W·

76 2115 422 2187 Athenien
450 2139 586 2186 1um
622 2109 866 2213 pigeret
883 2114 1241 2207 meminiffe
1265 2170 1285 2203 ,
1324 2139 1610 2214 quorum
1631 2115 2068 2188 florentlffima
2086 2120 2251 2189 civi·-

77 2228 178 2281 tas
203 2210 331 2280 bac
357 2233 485 2279 una
507 2214 865 2282 temeritate
898 2205 1278 2283 concidiflet
1299 2262 1321 2297 ‚
1358 2208 1555 2281 miffae
1576 2210 1742 2283 haud
1765 2214 1854 2283 ita
1874 2209 2118 2283 dudum
2139 2207 2255 2283 sub

74 2303 288 2377 Petro
329 2302 561 2376 Dousa
596 2304 794 2379 classis
831 2301 1224 2402 improspera
1264 2308 1648 2404 cogitarent.
1716 2308 2069 2405 superatos
2106 2301 2252 2378 lane
2361 2304 2368 2309 ’

71 2397 335 2495 aliquot
356 2400 594 2497 praeliis
615 2401 938 2473 navalibus
960 2403 1282 2496 Hilpanos
1307 2423 1327 2468 z
1349 2399 1456 2472 led
1481 2422 1600 2471 nec
1620 2403 1896 2475 Batavos
1917 2406 2087 2473 circa
2106 2399 2254 2473 bel-

67 2490 118 2564 li
151 2496 340 2565 initia
376 2492 695 2568 terrestris
726 2495 971 2565 militiae
1000 2490 1187 2565 fuisse
1227 2499 1526 2591 egregios
1567 2517 1587 2563 :
1636 2500 1750 2591 qui
1784 2496 1828 2568 fi
1857 2516 2152 2593 tempore
2174 2499 2250 2565 δε

66 2609 225 2666 cura
246 2586 662 2685 disciplinam
681 2585 1067 2687 accepifl‘ent
1088 2642 1107 2674 ‚
1155 2612 1271 2659 cur
1286 2594 1496 2659 minus
1516 2588 1686 2660 idem
1702 2591 1786 2662 ab
1801 2589 2094 2661 ‘hostibus
2115 2611 2252 2658 me-

66 2686 217 2753 tui?
266 2684 466 2777 Saepe
489 2681 700 2753 victos
717 2706 804 2754 eo
823 2682 1142 2778 proficere
1163 2681 1454 2756 cladibus
1480 2736 1501 2768 ‚
1547 2704 1619 2776 ut
1648 2682 1908 2755 tandem
1936 2689 2009 2754 δι
2037 2686 2251 2754 vince-

63 2797 136 2846 re
170 2780 533 2882 incipiant.
603 2778 686 2857 Et
722 2798 793 2848 ut
825 2780 1098 2848 maxime
1132 2781 1434 2848 maritimi
1475 2773 1796 2873 Hispaniae
1831 2777 2056 2872 populi
2092 2770 2252 2846 claf-

62 2869 220 2942 fium
255 2870 481 2945 ulibus
529 2869 697 2940 haud
721 2867 1074 2950 sufficerent
1096 2923 1117 2955 ,
1165 2890 1382 2941 tamen
1403 2874 1479 2940 δι
1503 2877 1606 2939 An
1675 2895 1752 2941 os
1778 2876 1853 2939 &
1877 2874 2203 2939 Brittonas
2221 2920 2244 2954 ‚

64 2967 466 3037 Armoricos
512 2968 591 3035 &
628 2965 917 3036 Saxonas
937 2962 1218 3035 conduci
1239 2961 1482 3036 faciles.
1629 2985 1704 3032 ec
1717 2962 1945 3058 justam
1969 2968 2034 3033 in
2060 2963 2251 3042 Bata-

62 3083 303 3131 vorum
323 3057 737 3156 corporibus
758 3057 1061 3131 fiduciam
1085 3112 1107 3146 ,
1203 3080 1299 3129 uae
1315 3076 1387 3128 ut
1405 3054 1743 3130 tolerantia
1761 3059 2082 3152 frigorum
2102 3109 2122 3142 ‚
2160 3061 2250 3126 ita
2353 3071 2363 3080 “

63 3174 380 3249 perpetua
461 3152 1049 3247 AEquinoffialium
1101 3080 1389 3224 eaqlorum
1454 3155 1836 3245 intemperie
1896 3148 2250 3246 liquescere

61 3251 536 3343 experimentis
602 3246 1035 3317 indubitatum
1054 3295 1075 3315 .
1169 3245 1710 3356 Qadragintane
1751 3251 2008 3317 navium
2053 3243 2121 3315 id
2164 3268 2250 3313 o-
2359 3291 2364 3296 -

59 3364 237 3438 pus,
283 3343 611 3415 obsidere
628 3340 1004 3411 immensum
1026 3340 1184 3414 illud
1221 3343 1474 3411 Oceani
1492 3341 1805 3437 spatium,
1855 3340 1969 3411 ubi
2000 3337 2239 3425 insuloe,

24 3451 27 3454 ’
154 3455 292 3509 rtus
316 3491 342 3524 ,
392 3437 717 3508 stationes
739 3486 761 3517 ,
812 3433 927 3507 fibi
946 3432 1150 3505 clausa
1177 3488 1197 3521 ,
1243 3453 1463 3529 aperta
1491 3431 1781 3505 hostibus
1798 3436 2020 3505 omnia
2038 3485 2061 3520 ,
2109 3432 2248 3503 nul-1

78 3554 113 3601 a
136 3555 221 3621 ex
244 3535 651 3629 propinquo
684 3549 1161 3600 commeatuum
1188 3579 1209 3614 ,
1258 3551 1340 3598 ne
1354 3526 1621 3624 quidem
1638 3551 1823 3626 aquae
1843 3533 2080 3626 copia?
2127 3529 2246 3599 Sa·

53 3647 141 3700 ne
166 3650 312 3701 non
342 3646 629 3704 omnem
647 3626 1017 3695 Americam
1036 3626 1360 3694 continuis
1381 3623 1620 3719 septam
1637 3621 1889 3695 arcibus
1932 3646 1953 3691 ε
2003 3619 2106 3695 led
2129 3621 2262 3694 ubi.

53 3719 303 3801 divitia:
342 3720 635 3789 laterent
658 3769 679 3801 ,
728 3714 837 3787 ubi
875 3717 1213 3789 commodi
1253 3740 1336 3812 ap
1384 3713 1549 3788 ulfus
1575 3769 1595 3802 ,
1644 3716 1952 3815 nusquam
1985 3712 2244 3813 omissas

52 3817 513 3898 munitiones.
593 3811 686 3881 Vt
724 3807 929 3882 facilis
969 3811 1046 3883 fit
1083 3811 1308 3884 exscen
1381 3835 1411 3881 s
1448 3829 1555 3884 tot
1589 3815 1755 3884 inter
1787 3810 2044 3884 adversa
2068 3863 2089 3895 ‚
2125 3809 2242 3883 ubi

43 3913 184 4002 jam
223 3904 610 4006 pedestrem
646 3907 997 3981 exercitum
1024 3960 1046 3991 ,
1094 3910 1207 4000 qui
1248 3904 1384 3977 His
1405 3909 1618 3977 anicas
1651 3905 1978 3981 cohortes.
1998 3903 2103 3976 illa
2128 3904 2240 3974 to-

54 4024 196 4079 tum
230 4023 453 4102 prope
475 4021 599 4107 per
618 3997 911 4071 sae‘culum
931 4000 1162 4073 coalita
1182 3930 1562 4097 posseflione
1578 3999 1923 4100 depelleret
1948 4007 1976 4069 ?
2001 3994 2245 4090 Quod

53 4094 99 4173 fi
140 4104 221 4185 ἃ
255 4099 441 4184 hunc.
481 4097 662 4175 mitti
701 4091 977 4201 placeret
1010 4147 1035 4189 ²
1083 4092 1392 4203 fitnulque
1437 4094 1639 4196 (nam
1678 4096 1748 4171 id
1785 4091 2243 4262 profflaegeffi:
2318 4139 2327 4148 .
