2900 4628
601 152 723 241 508
1026 152 1688 223 HvGOle
1803 153 2332 224 GRoTtt
2443 195 2460 209 =

341 268 551 352 1607.
597 264 972 358 ceffarium)
1004 264 1126 336 alia
1148 260 1334 335 class'e
1352 261 1721 359 Hispaniam
1742 259 1955 334 claudi
1975 315 2000 349 ‚
2044 286 2130 334 ne
2145 284 2276 359 qua
2293 266 2364 334 in
2384 262 2750 333 Ameriam

600 358 833 430 auxilia
855 377 1285 454 penetrarent,
1306 380 1538 428 munus
1567 356 1633 428 id
1655 376 2089 429 mercatorum
2110 355 2388 443 viribus,
2411 379 2497 426 ne
2517 357 2748 451 Reipu-

604 453 792 524 blicae
809 450 1074 547 quidem
1089 450 1428 522 tolerabile
1448 505 1472 538 ,
1507 474 1654 547 quae
1672 474 1824 522 cum
1841 475 1927 522 eo
1943 451 2130 548 quod
2148 474 2322 522 nunc
2339 449 2439 524 est
2450 449 2630 521 domi
2644 472 2755 520 co-

603 552 851 647 piarum
874 544 1037 616 fines
1057 543 1205 617 suos
1222 543 1548 617 defensare
1569 571 1706 618 uon
1823 545 1920 618 ffit
1939 599 1962 632 ‚
2007 566 2118 622 aut
2135 545 2354 617 alieno
2371 543 2438 615 se
2453 547 2569 614 επὶ
2585 546 2758 639 pmi-

600 666 706 713 tus
742 641 820 712 fit
855 637 1219 712 immersura
1246 693 1268 727 ,
1315 659 1424 711 aut
1462 634 1591 737 ipsa
1611 666 1654 711 n
1781 661 1846 712 ta
1866 640 2170 738 praefidiis
2197 693 2219 726 ,
2269 647 2453 735 prius
2473 642 2764 736 exiguam

598 738 763 809 banc
780 731 1073 805 amissura
1092 734 1160 806 so
1185 740 1206 805 i
1270 738 1415 806 atrii
1434 735 1672 820 iedem,
1688 757 1884 831 quam
1899 735 2122 829 justam
2140 735 2402 805 alterius
2416 731 2611 804 orbis
2628 755 2768 829 par-

599 851 735 901 tem
754 832 947 899 armis
967 827 1185 929 quaefii
1233 852 1294 899 e.
1322 830 1529 898 ‚Nam
1544 853 1812 899 omnem
1829 827 2084 926 sperare
2098 828 2428 914 infinum3
2502 850 2651 899 uem
2666 848 2731 897 cn

601 921 1775 1091 Quaererem?
1794 923 2408 1089 2¹²...OE
2424 850 2760 1112 {mr

604 1110 648 1185 s
759 1137 837 1183 os
857 1071 1211 1183 saevituram
1233 1165 1257 1196 ,
1294 1112 1480 1208 quod
1498 1111 1564 1183 hi
1585 1070 1805 1183 cibum
1824 1131 2185 1208 potumque
2203 1112 2413 1207 magis
2438 1133 2595 1180 cum
2621 1131 2761 1178 mo-

655 1231 700 1276 o
733 1205 967 1278 habere
1000 1203 1394 1278 didiciffent.
1463 1202 1897 1276 Barbarorum
1928 1202 2219 1277 societati
2239 1204 2414 1274 adeo
2439 1202 2760 1275 nihiltuto

608 1300 788 1372 credi
816 1353 837 1385 ‚
872 1320 943 1370 ut
960 1297 1287 1371 adversum
1307 1300 1432 1372 hos
1450 1318 1721 1395 quoque
1739 1323 1871 1372 nou
1891 1305 2104 1372 minus
2122 1322 2322 1396 quam
2346 1302 2419 1368 in
2442 1302 2538 1368 H·

609 1393 890 1491 paranda
904 1391 1026 1465 fint
1041 1397 1462 1465 munimenta.
1513 1398 1816 1490 Ignotam
1834 1395 1963 1466 illis
1991 1392 2220 1479 fidem,
2245 1396 2319 1463 &
2335 1414 2489 1488 qua
2508 1393 2637 1463 alta
2650 1396 2763 1463 vit-

608 1502 822 1559 tutum
837 1489 1103 1559 nomina
1124 1511 1145 1556 ε
1182 1508 1444 1559 externa
1460 1491 1683 1558 omnia
1702 1485 1896 1560 invisa
1914 1520 1936 1576 ς
1972 1508 2142 1560 nunc
2159 1486 2294 1559 His
2355 1510 2522 1558 uum
2544 1485 2766 1573 odiffe,

607 1605 769 1653 mox
803 1584 1199 1678 quicumque
1236 1579 1528 1679 Hispano
1566 1582 1633 1652 in
1800 1585 2046 1654 entiam
2078 1580 2263 1654 succe
2308 1601 2447 1652 eret
2485 1580 2764 1677 ejusdem

607 1675 750 1747 odii
769 1674 1088 1748 haeredem
1107 1675 1252 1748 fore
1289 1698 1309 1745 :
1353 1674 1623 1772 indigna
1639 1674 1683 1746 li
1872 1696 1938 1749 te
1955 1680 2212 1775 ingenia
2230 1729 2256 1762 ,
2290 1679 2364 1745 &
2384 1698 2538 1771 quae
2559 1696 2766 1746 tam

605 1768 927 1841 iervitium
947 1768 1237 1866 asperum
1255 1768 1767 1874 indignarentur,
1787 1770 1987 1845 molle
2002 1790 2527 1843 contemnerent.
2581 1773 2766 1840 Nun-

611 1865 773 1960 quid
805 1868 977 1936 enim
998 1864 1300 1961 ignotum
1320 1917 1343 1951 ‚
1393 1859 1579 1936 tuiss'e
1598 1864 1722 1938 illis
1741 1868 1806 1936 in
1829 1865 2088 1963 populis
2114 1918 2136 1953 ,
2180 1886 2380 1961 atque
2395 1862 2530 1935 effe
2545 1868 2764 1936 etiam-

607 1957 2762 2152 ssgssffbffihfflfflffffifflafflffifflffiff

608 2148 724 2220 nifi
765 2108 1288 2243 quod’homines
1323 2147 1445 2221 fint
1468 2156 1498 2217 ἒ
1542 2148 1722 2221 Indis
1756 2170 1933 2222 certe
1975 2110 2052 2220 ἐς
2088 2146 2370 2246 Afiaepo
2490 2153 2546 2218 is
2566 2105 2757 2217 multd

608 2241 843 2316 cultius
864 2247 1190 2339 ingenium
1210 2294 1245 2329 ‚.
1272 2246 1349 2312 &
1369 2263 1582 2313 tamen
1603 2240 1694 2314 ibi
1710 2263 1980 2341 quoque
1997 2246 2217 2317 multis
2236 2267 2317 2341 pe
2412 2244 2541 2313 diae
2555 2265 2762 2313 etern-

609 2335 734 2431 plis
761 2337 1030 2408 coactos
1054 2341 1330 2409 Batavos
1349 2340 1698 2408 amicitiam
1718 2343 1785 2408 in
1806 2337 2080 2434 speciem
2110 2338 2589 2409 dominationis
2605 2361 2764 2409 con·

605 2449 878 2501 vertere.
950 2429 1222 2502 Nedum
1266 2428 1382 2501 illo
1414 2435 1484 2507 in
1518 2432 1689 2504 orbe
1730 2457 1856 2528 pax
1892 2453 2001 2505 aut
2039 2431 2290 2506 foedera
2319 2431 2724 2530 sperarentur
2740 2483 2764 2518 ,

606 2545 803 2628 quem
838 2549 874 2595 a
915 2523 1181 2596 meliore
1208 2523 1298 2596 sui
1320 2545 1500 2622 parte
1521 2550 1657 2597 non
1681 2525 1800 2598 fitu
1821 2530 2025 2625 magis
2058 2550 2255 2622 quam
2268 2526 2574 2598 moribus
2596 2526 2770 2601 avul-

608 2619 745 2690 sum
774 2673 795 2706 ‚
847 2622 922 2689 δε
944 2622 1219 2695 Oceano
1241 2616 1357 2690 suo
1384 2615 1690 2691 seclufiim
1719 2621 2006 2717 undique
2023 2621 2263 2693 ultimae
2283 2619 2531 2694 feritati
2547 2643 2770 2692 natura

607 2711 979 2786 damnasset.
1044 2718 1137 2785 Hi
1175 2735 1317 2785 tum
1350 2714 1433 2785 de
1468 2717 1768 2787 America
1790 2715 2116 2788 sermones
2128 2734 2338 2787 eraut.
2407 2715 2770 2788 Cei-rebel-

609 2808 744 2886 lum
766 2808 953 2883 finire
974 2812 1373 2905 cupientium
1394 2813 1700 2902 intererat
1719 2834 1802 2881 ne
1819 2806 1962 2908 spes
1983 2809 2112 2882 istae
2132 2812 2406 2885 nimium
2420 2813 2496 2881 in
2517 2816 2768 2882 animos

335 2933 555 2997 societati
611 2922 1060 3002 penetrarentz
1152 2907 1308 2979 Nec
1349 2901 1609 2977 difficile
1648 2924 1880 3002 coepto
1915 2928 2166 2976 moram
2206 2905 2476 2976 iu‘ioere
2511 2904 2768 2978 urbium

300 3028 442 3094 »pora
466 3007 577 3082 mju'-
612 2998 908 3069 aemulatu
933 3053 955 3085 ,
1001 2999 1296 3069 certatim
1330 3001 1586 3071 navium
1625 2997 2109 3073 instructionem
2138 2999 2222 3070 ad
2267 2998 2766 3086 etnubentium,

295 3099 439 3144 “W-
612 3092 997 3189 quibusdam
1026 3091 1658 3164 &intercedentibus
1678 3117 1764 3166 ne
1790 3089 1931 3164 salis
1961 3117 2045 3166 ex
2070 3097 2375 3165 America
2398 3096 2677 3189 petendi
2701 3096 2766 3164 li-
2861 3167 2862 3170 ,

610 3187 824 3259 bertas
863 3186 987 3265 ulla
1022 3185 1164 3284 lege
1186 3185 1645 3258 includeretur.
1709 3189 1977 3260 Semota
1997 3192 2193 3287 igitur
2208 3189 2323 3260 hac
2345 3188 2769 3260 deliberatio·

607 3307 689 3354 ne
712 3334 731 3368 ‚
778 3304 915 3353 non
950 3303 1035 3352 eo
1078 3283 1290 3351 minus
1328 3300 1543 3352 tamen
1566 3305 1789 3378 pacem
1809 3281 2174 3355 volentibus
2193 3282 2616 3356 difficultates
2635 3285 2764 3356 aliz

601 3372 1123 3462 obversabantur.
1175 3376 1357 3445 Nam
1377 3395 1447 3447 ut
1470 3397 1642 3447 certa
1661 3373 1816 3449 esset
1835 3380 2115 3448 maxime
2135 3375 2418 3450 hostium
2437 3377 2764 3464 voluntas,

604 3472 891 3541 reuores
919 3491 1131 3543 tamen
1169 3472 1499 3541 civimtum
1528 3467 1988 3543 foederatarum
2024 3470 2196 3544 haud
2217 3475 2404 3569 pauci
2427 3526 2452 3557 ‚
2498 3495 2770 3570 accepta
2858 3469 2860 3542 4

604 3564 690 3637 ab
727 3563 1203 3639 Araufionenfis
1231 3563 1641 3660 temporibus
1679 3561 1991 3638 sententia
2011 3622 2033 3648 ,
2079 3561 2284 3662 ipsum
2364 3571 2504 3638 acis
2525 3592 2769 3642 nomen

600 3655 1155 3731 exhorrescebant.
1229 3661 1520 3730 Multum
1553 3658 1705 3731 huic
1739 3660 2122 3756 persuasioni
2144 3662 2186 3732 d
2353 3675 2766 3762 urumappa-

595 3753 779 3823 rebat
798 3809 817 3840 ,
839 3752 885 3825 fi
906 3751 1113 3848 palam
1145 3753 1561 3850 profiteretur
1580 3754 1779 3826 hostis
1800 3811 1820 3841 ‚
1841 3776 2225 3828 contentum
2243 3754 2305 3828 fit
2327 3780 2403 3830 ea
2419 3781 2621 3855 pace,
2641 3779 2759 3853 qm

599 3871 736 3926 non
774 3866 1178 3943 recuperaret
1210 3848 1499 3920 amilium
1539 3848 1713 3922 bello
1748 3855 2115 3948 imperium.
2184 3855 2370 3923 Nam
2389 3854 2588 3948 quod
2606 3854 2756 3924 olim
2857 3853 2858 3862 ’

598 3941 773 4038 spem
793 3943 1269 4024 conciliationis
1303 3944 1690 4038 abrumpere
1730 3970 1877 4042 pars
1916 3946 2130 4018 habita
2165 3945 2321 4022 effet
2349 3948 2716 4043 prudentiae
2736 3998 2762 4032 ,

598 4033 847 4114 caulam
875 4034 1059 4111 fuiffe
1077 4062 1213 4111 non
1234 4039 1462 4131 aliam,²
1480 4062 1678 4137 quam
1697 4038 1882 4138 quod
1901 4064 2024 4143 pax
2042 4038 2176 4115 sola
2192 4040 2605 4213 spei-aretur¹²
2623 4066 2768 4137 qum

2581 4160 2761 4213 ecum
