2900 4628
371 162 1424 263 Hrsronranvm
1507 136 1982 262 L113.1v.
2164 202 2326 281 209'

124 305 426 380 Ernestus
448 311 655 378 morti
673 306 1009 403 proximus
1043 304 1159 375 scri
1210 324 1284 375 to
1306 303 1391 375 ad
1406 290 1663 414 tempus
1685 306 2090 379 mandaverat
2116 361 2137 395 ‚
2174 311 2299 380 Hi-
2372 332 2501 404 ¹59
2509 332 2580 404 5.

120 402 470 499 spanorum
487 424 573 471 ex
594 398 906 471 lententia
929 430 951 485 3
971 422 1131 470 mox
1217 422 1299 470 ex
1319 400 1633 475 firmavit.
1648 442 1663 459 ·
1685 403 1921 497 Neque
1943 402 2072 488 ille,
2089 426 2297 498 quan-

122 520 327 593 quam
344 498 500 569 vitia
536 493 850 581 adfuere,
890 496 1101 591 impar
1115 514 1302 564 tanto
1341 499 1633 580 muneri,
1685 496 1867 591 quod
1890 519 1997 565 res
2014 520 2136 591 per
2155 498 2301 570 Bel-

94 632 106 647 ·
177 595 344 661 ‘cam
362 590 555 688 gestae
579 590 717 683 ejus
733 611 886 659 cura
906 641 928 674 ,
983 593 1235 675 &mox
1252 586 1404 659 alias
1424 612 1541 684 per
1562 610 1763 660 terras
1791 590 2175 660 docuerunt.
2210 595 2329 681 At*
2382 604 2387 607 ’

125 614 351 784 {elgae
364 705 667 782 proceres
688 737 709 769 ,
757 685 875 779 qui
896 680 1079 752 illum
1096 681 1404 754 haetenus
1428 692 1560 755 vi'm
1583 688 1894 781 potentiae
1914 688 2156 755 minori
2191 681 2302 755 sub
2386 714 2403 753 ,·

128 782 418 878 imagine
451 777 891 849 occultantem
923 800 1061 846 non
1103 776 1425 861 tulerant,
1477 775 1679 849 summ
1711 779 1850 874 jam
1880 778 1966 849 ab
1995 774 2136 875 ipso
2162 776 2306 855 infi-

135 877 292 981 gnia
314 928 339 961 ,
373 875 590 945 invide
604 893 671 942 at
720 895 799 942 ue
820 876 979 941 irate
998 868 1315 942 ferebant.
1367 871 1537 942 Vera
1555 872 1815 969 prorsus
1839 872 1923 944 de
1946 876 2146 977 patria
2169 895 2303 943 ma-
2326 884 2497 967 ‘Q
2512 883 2629 965 ,Βα-

57 970 60 973 ‘
128 991 307 1062 Jores
325 968 592 1039 locutos
614 1006 654 1052 ,f
764 963 992 1061 ispanis
1030 962 1093 1037 le
1130 965 1467 1062 quondam
1546 970 1904 1038 rovinciam
1926 973 2097 1039 iore.
2152 965 2307 1039 Post
2336 1040 2337 1043 ,
2368 972 2569 1086 Ψ*

136 1061 562 1139 Albanum&
581 1057 1057 1156 Requesenium
1082 1113 1106 1147 ‚
1147 1079 1303 1157 aut,
1344 991 1545 1156 quod)
1604 1062 1943 1157 ropiusest
1967 1063 2303 1147 ‚Rodam3
2360 1043 2386 1081 ²
2505 1067 2522 1085 ⁸

135 1158 409 1228 modico
427 1176 729 1253 tempore
751 1159 827 1225 &
858 1159 926 1224 in
944 1150 1222 1251 speciem
1239 1162 1543 1251 repetitas
1586 1178 1789 1252 eges·,
1820 1176 1889 1231 at
1943 1180 2021 1226 ue
2036 1156 2311 1227 eandem

128 1251 352 1322 'redire
367 1250 753 1346 super-biam.
804 1249 1167 1320 Arbitrium
1207 1252 1406 1347 igitur
1449 1255 1624 1346 pacis
1660 1272 1858 1346 penes
1950 1252 2335 1347 ienigenam'
2442 1258 2457 1348 ¹.
2513 1315 2534 1336 ,

136 1343 287 1418 fore
330 1399 354 1434 ‚
424 1347 540 1441 qui
583 1348 835 1442 priores
867 1344 1181 1417 dominos
1218 1395 1241 1431 ‚
1299 1347 1487 1417 vitiis
1523 1366 1710 1439 pares
1748 1395 1770 1429 ‚
1819 1343 2136 1442 dignitate
2171 1370 2312 1416 non

133 1461 445 1538 aequaret.
511 1442 676 1510 Haec
695 1437 813 1511 fibi
843 1443 1124 1534 quisque
1164 1460 1187 1507 ε
1239 1434 1555 1509 fortiores
1581 1440 1658 1508 &
1687 1439 1828 1510 aliis
1851 1437 2312 1535 loquebantur.
2374 1478 2375 1481 ¹

136 1538 481 1607 Nimirum
509 1532 759 1606 cunffls
805 1531 1066 1631 populis
1106 1540 1434 1631 praegra‘ve
1477 1536 1554 1602 δε
1581 1531 1758 1605 velut
1793 1531 2178 1629 probrosum
2212 1533 2308 1605 est

142 1652 365 1727 parere
380 1632 663 1701 externis
711 1652 733 1697 ε
783 1649 991 1724 neque
1027 1626 1151 1697 alia
1181 1626 1444 1733 regibus
1478 1645 1611 1696 tam
1651 1623 2029 1723 supervacua
2068 1628 2307 1700 invidia

139 1723 237 1795 est
253 1779 274 1811 ,
296 1749 448 1795 cum
467 1723 727 1822 lingulae
742 1741 970 1820 gentes
988 1720 1236 1791 daturae
1253 1728 1374 1793 lint
1399 1774 1421 1807 ,
1437 1725 1553 1817 qui
1567 1718 1797 1794 servire
1814 1719 2303 1817 concupiscant,

142 1818 379 1890 utaliis
402 1823 741 1916 imperent.
795 1813 1077 1886 Carolus
1107 1817 1305 1911 igitur
1340 1813 1774 1888 Mansseldius
1798 1871 1818 1903 ,
1867 1816 2126 1887 militari
2154 1817 2305 1915 glo·
2374 1839 2608 1915 Mansa.

140 1918 238 1984 ria
257 1960 298 1999 ‚-
327 1920 403 1983 &
427 1914 680 2008 magnis
700 1908 948 2007 semper
968 1905 1384 1980 inimicitiiss
1410 1910 1655 1981 ecimus
1680 1964 1701 1998 ,
1749 1932 1823 1981 ut
1845 1914 1958 2007 qui
1987 1911 2304 1985 Parmenfi
2335 1909 2447 1966 dius
2479 1914 2555 1996 in·

135 2007 485 2104 quondam
510 2059 530 2092 ‚
546 2027 753 2099 nuper
774 2003 1007 2075 Ibarrae
1033 2054 1055 2088 ,
1079 2026 1250 2074 nunc
1271 2007 1345 2073 δε
1417 2026 1667 2076 ontano
1688 2005 2143 2091 contenderet,
2165 2005 2203 2076 s
2233 2029 2304 2077 e·
2333 1986 2610 2109 guma

133 2108 244 2173 cie
266 2103 543 2171 honoris
560 2097 892 2195 seponitur
913 2148 935 2182 ,
989 2092 1188 2168 sociis‘
1215 2120 1367 2167 cum
1401 2099 1830 2187 cohortibus',
1873 2122 2033 2196 quas
2059 2032 2232 2172 Phili
2275 2141 2307 2156 -
2332 2141 2441 2180 cam
2470 2077 2633 2183 mg}

197 2219 276 2265 us
296 2195 674 2289 imperatori
707 2188 965 2262 miserat
987 2243 1009 2277 ,
1047 2195 1330 2263 Turcam
1349 2216 1435 2264 eo
1464 2208 1766 2290 tempore
1798 2195 2219 2265 valelcentem
2239 2220 2304 2266 m
2338 2198 2498 2281 morio

135 2222 510 2363 gannoniis
530 2308 977 2385 oppugnatum
997 2287 1091 2357 iit.
1141 2287 1485 2360 Proximus
1508 2289 1596 2361 ibi
1615 2291 1924 2377 Matbioe,
1946 2293 2305 2386 quiirater-
2322 2268 2562 2345 fi‘m‘m'·
2598 2299 2600 2302 ’

139 2410 234 2456 no
250 2387 569 2456 exercitui
593 2402 861 2480 praeerat
882 2438 901 2472 ,
924 2400 1202 2453 veterem
1219 2386 1522 2455 virtutem
1544 2389 1619 2455 &
1643 2405 1815 2457 artes
1838 2438 1860 2472 ,
1901 2387 2307 2460 icientiorem

145 2484 211 2552 in
233 2476 487 2551 bostem
520 2481 830 2549 exercitas
855 2532 877 2563 ‚
908 2476 1077 2548 haud
1122 2476 1237 2547 diu
1281 2473 1605 2576 usurpavit
1632 2533 1652 2564 ,
1697 2476 2024 2551 absumtus
2064 2480 2305 2553 morbo

144 2578 313 2646 inter
331 2573 481 2645 belli
500 2570 801 2670 pericula.
869 2574 962 2643 At
984 2568 1363 2642 Arscbotius
1387 2626 1407 2659 ‚
1448 2596 1530 2645 ne
1550 2573 1611 2644 se
1632 2574 1933 2652 Fontano
1953 2572 2302 2646 secundum
2350 2597 2630 2670 Arschotius

144 2668 363 2766 Belgae
376 2668 820 2765 conspicerent
839 2720 862 2753 ‚
906 2666 1081 2764 apud
1097 2667 1388 2739 Venetos
1406 2666 1637 2766 sponte
1656 2664 1958 2742 exsulavit
1982 2702 2025 2755 ;,
2050 2694 2134 2741 eo
2150 2693 2302 2765 pro-
2331 2671 2550 2726 ναιετάω

85 2785 88 2790 “
145 2761 344 2836 ficilci
363 2763 621 2836 testatus
644 2816 667 2850 ,
714 2761 1023 2836 ubilibet
1059 2782 1427 2834 moreretur
1474 2788 1492 2833 :
1545 2786 1668 2834 nec
1701 2764 1895 2859 plebe
1927 2762 2302 2837 secundiore
2334 2739 2586 2872 2³2sz

146 2858 481 2933 Fontanus
500 2856 805 2928 utebatur
852 2880 873 2925 ε
920 2858 1072 2952 quia
1109 2858 1410 2928 turbante
1427 2856 1655 2929 leviter
1694 2863 2028 2930 Germano
2059 2858 2305 2945 milite,
2441 2852 2457 2868 ’

137 2956 262 3050 qui
283 2952 646 3025 Bruxellam
667 2949 944 3024 servabat
962 3004 982 3035 ,
1011 2974 1128 3048 per
1151 2950 1272 3022 suae
1292 2957 1503 3048 gentis
1526 2951 1839 3024 cohortes
1858 2949 2311 3048 posseffionem

141 3047 325 3122 urbis
345 3044 775 3118 affectaverat.
824 3047 902 3116 ld
924 3044 1176 3117 cunffls
1212 3042 1541 3116 adversum
1561 3099 1588 3132 ι
1631 3066 1746 3117 nec
1768 3046 2044 3118 aliorum
2078 3050 2315 3125 tumul-

141 3166 253 3214 tus
274 3147 504 3240 magis,
527 3164 722 3238 quam
743 3135 1009 3235 Hispani
1027 3137 1253 3209 militis
1272 3135 1590 3210 modestia
1600 3141 1972 3211 timebatur.
2023 3144 2105 3211 Et
2123 3164 2319 3214 caete-

143 3242 235 3309 ris
253 3237 621 3310 civitatibus
641 3234 865 3305 eadem
886 3233 1201 3304 formido·
1257 3233 1528 3328 Duplex
1553 3231 1701 3304 hinc
1723 3239 2159 3330 intemperies,
2187 3237 2315 3322 his,

142 3332 333 3430 quod
356 3330 593 3404 exclusn
611 3350 791 3400 erant
814 3383 836 3412 ‚
856 3328 979 3399 illis
997 3326 1182 3423 quod
1250 3343 1413 3422 rope
1433 3327 1675 3423 depulfi
1699 3380 1718 3414 ‚
1737 3327 2158 3423 querentibus
2178 3354 2196 3397 ε
2221 3330 2314 3401 ob

145 3448 478 3521 utrunque
516 3428 653 3521 agri
723 3421 1151 3502 lectebantur.
1202 3353 1399 3493 eInde
1417 3444 1566 3492 cum
1598 3420 1678 3491 ad
1716 3426 1951 3517 prioris
1983 3428 2130 3493 anni
2152 3425 2316 3496 cala-

143 3528 446 3594 mitatem
465 3542 634 3592 nova
692 3540 802 3588 ues
838 3517 1216 3604 accederet,
1272 3522 1346 3587 &
1391 3514 1531 3615 ipso
1570 3520 1809 3612 inopiae
1843 3534 2019 3585 metu
2058 3541 2313 3590 annona

145 3634 493 3706 vexaretur
513 3667 533 3700 ,
576 3610 845 3685 exlblv-it
864 3614 1038 3711 vulgi
1054 3613 1332 3710 gemitus
1356 3615 1713 3710 paupertati
1740 3634 1862 3709 pro
1913 3613 2009 3678 ria'
2026 3610 2304 3702 libertas.

153 3714 428 3782 noema
482 3712 532 3778 's
551 3711 618 3778 in
638 3723 866 3805 pacem
887 3708 1269 3779 cun&orum
1290 3705 1595 3776 ordinum
1615 3709 1811 3777 animi
1844 3634 1908 3773 ll)
2008 3731 2116 3781 are
2144 3764 2161 3794 ‚
2202 3735 2311 3780 cu·
2340 3686 2632 3811 {affl-‘²²¹⁰‘

142 3807 276 3901 jus·
383 3897 386 3900 Ι
485 3805 649 3873 rium
668 3801 835 3873 faaa
865 3801 949 3873 ab
966 3802 1233 3874 Ernesto
1270 3802 1408 3899 spes
1428 3801 1818 3873 incenderat.
1869 3805 2113 3898 Reque
2136 3806 2311 3875 Fon·
2333 3762 2635 3902 ἑνεῗμ

154 3917 351 3972 tanus
368 3895 593 3971 restitit
659 3919 750 3967 uo
767 3899 974 3967 minus
993 3897 1288 3968 inanibus
1307 3921 1390 3967 ex
1477 3899 1763 3968 rimentis
1780 3921 1934 3971 vota
1956 3898 2058 3973 sua
2083 3898 2306 3997 fatiga·
2343 3904 2634 3976 &menfic-

151 4010 327 4086 rent.
383 3991 626 4091 “Flagra
674 4012 752 4082 at
776 4013 926 4064 ante
957 3992 1119 4062 alios
1170 3996 1344 4089 pacis
1442 3992 1599 4063 udio
1635 3993 1991 4066 emiorum
2027 3996 2262 4072 domus
2288 4025 2302 4039 ·
2332 3983 2415 4044 Ρη
2448 3990 2506 4025 “⁸
2535 3975 2604 4028 Μ’

51 4189 54 4198 .
146 4113 189 4167 e
220 4111 356 4192 qua
373 4091 693 4165 Haureius
726 4087 1031 4190 Marchio
1051 4085 1135 4162 ad
1176 4084 1487 4162 Iacobum
1507 4085 1884 4161 Maleraeum
1911 4142 1931 4179 ,
1963 4088 2083 4161 strae
2103 4047 2317 4183 quon'-
2340 4042 2620 4172 &Qum

1354 4183 1423 4252 O
1656 4273 1657 4280 ἵ
2165 4180 2316 4249 darn
