2900 4628
236 134 1382 258 *nisToatanvM
1468 179 1712 256 2113.
1793 168 2064 258 vm(
2134 152 2358 293 ,η’

100 293 353 368 militari
371 289 598 367 obseffi
633 310 891 365 retento
912 289 1338 393 caduceatore
1380 292 1593 367 subito
1630 298 1699 369 in
1721 286 2123 395 improvidos
2144 322 2258 392 pa-
2323 302 2544 400 1599:

98 389 430 486 lantesque
448 408 836 484 erumpunt3
879 386 1137 458 caedunt
1176 386 1383 460 ferme
1403 389 1722 461 ducentos
1755 414 1776 458 ε
1868 396 1978 463 uin
2019 396 2255 464 &ma·
2294 406 2300 413 '

94 487 312 557 chinas
329 483 595 554 trahunt
613 535 633 567 ‚
650 500 966 579 tantoque
983 479 1052 551 id
1068 478 1448 553 terrorifiiit
1468 483 1638 579 apud
1659 482 1834 554 imbe
1878 504 1946 556 es
1966 489 2251 573 animos,

96 595 161 648 ut
182 601 321 649 non
341 597 474 648 tam
492 574 841 650 soiveretur
864 572 1126 647 obfidio
1154 629 1176 661 ,
1215 597 1412 671 quam
1449 576 1647 649 castra
1683 582 1948 675 turpi&
1971 583 2078 651 vix
2092 581 2247 653 alias

51 755 55 758 ‚
94 671 299 742 audita
319 668 470 768 fuga
491 666 944 778 desererentur.
973 667 1270 765 Relieqs
1285 687 1686 742 commeatus
1707 690 2010 770 totasque
2030 696 2247 760 naves,
2307 677 2432 807 ga
2458 662 2578 756 ⁶1ss-

93 784 227 836 tum
245 766 562 863 Hispani,
592 782 731 833 tum
750 762 866 873 tpfi
888 765 1197 837 Germani
1217 763 1543 862 diripuere
1568 818 1590 850 ,
1632 763 1939 863 brevique
1969 766 2245 839 diffluxit
2270 749 2319 836 ¹.
2407 765 2541 879 ὣς·

58 928 66 944 ,
92 864 430 947 exercitus,
451 858 609 930 dum
632 878 863 953 partim
878 853 1152 954 poscunt
1168 855 1510 956 stipendia,
1527 863 1759 957 partim
1779 862 1847 933 in
1862 859 2243 934 trimestrem
2264 834 2412 952 m
2445 856 2574 971 ⁴⁶1¹·

90 949 149 1024 se
166 954 465 1025 militiam
486 972 607 1022 nec
625 950 787 1021 ultra
807 949 1176 1022 anaor-atos
1188 950 1511 1047 jactitant.
1561 956 1892 1026 Brunovix
1913 957 1981 1025 in
2000 954 2243 1029 multos
2268 976 2414 1030 mn.
2557 959 2573 972 “

86 1046 348 1140 suorum
375 1101 397 1133 ,
426 1048 784 1143 compertis
802 1041 1061 1141 flagitiis
1079 1098 1101 1132 ‚
1144 1045 1399 1142 capitali
1436 1044 1755 1145 firpplicio
1770 1046 2246 1123 animadvertit.

80 1141 395 1238 Profugit
416 1145 491 1211 &
512 1161 635 1235 pro
802 1140 1064 1209 Bercam
1085 1136 1345 1211 castello
1364 1140 1550 1213 miles
1572 1192 1595 1228 ,
1630 1145 1703 1219 δι
1724 1145 1837 1237 qui
1860 1145 2093 1215 Genne
2140 1160 2249 1214 am

74 1235 398 1309 tenebant
416 1231 502 1305 ab
541 1235 657 1303 Ho
702 1230 925 1324 enloio
962 1253 1170 1341 nuper
1198 1229 1487 1304 insefl'am
1580 1258 1730 1306 cum
1762 1232 1899 1308 His
2011 1240 2032 1307 i
2072 1166 2252 1308 alitro

71 1329 429 1403 'uvandam
443 1324 525 1399 ad
561 1323 796 1435 Refitm
828 1325 1189 1435 praesidtum
1224 1287 1651 1401 deduxiss³ent.
1699 1327 1833 1402 Vix
1854 1258 2152 1402 garsaeum
2170 1334 2251 1401 &x

134 1424 523 1495 mmet-icum
552 1418 869 1493 mediocri
907 1418 1110 1492 milite
1132 1416 1565 1493 servabantur.
1614 1425 1791 1494 Ante
1823 1420 1989 1495 hanc
2004 1422 2252 1534 puden-

34 1528 49 1559 ·
84 1517 232 1589 dam
246 1517 610 1591 Germaniae
624 1513 866 1602 labem,
885 1512 1102 1586 adum
1121 1534 1257 1586 erat
1271 1511 1498 1612 saepius
1521 1570 1543 1604 ‚
1561 1536 1634 1587 ut
1654 1515 1942 1615 projecta
1962 1515 2253 1591 distimu-

84 1613 316 1686 latione
343 1608 562 1683 foedus
596 1607 813 1708 palam
825 1611 1095 1680 iniretur
1115 1659 1139 1694 ,
1177 1611 1752 1708 acciperenturque
1779 1611 2113 1684 Ordinum
2133 1612 2250 1684 a'u⁴

84 1704 229 1777 xilia
248 1762 273 1792 ,
311 1725 423 1778 aut
446 1706 649 1776 etiam
677 1704 998 1787 Mauritio
1036 1700 1359 1773 bellorum
1387 1723 1664 1802 experto
1699 1704 1939 1775 firmina
1960 1704 2249 1777 tradere*

84 1818 207 1870 tur.
256 1799 388 1873 Sed
426 1820 564 1870 non
595 1800 856 1868 mittere
875 1793 1245 1866 Ordinibus
1266 1816 1599 1892 promtum
1623 1847 1646 1886 ‚
1741 1823 1860 1870 uos
1881 1800 2141 1870 suorum
2160 1797 2250 1869 fi·-

83 1895 257 1965 nium
277 1886 478 1967 tutela
498 1889 842 1964 distinebat
858 1942 881 1976 ,
900 1889 1545 1987 praetereaterrorcla
1746 1896 1757 1907 ‘
1861 1892 1864 1895 “
1920 1896 1933 1908 ·
2048 1895 2253 1963 mari.»

82 1992 235 2057 tima
253 1986 514 2056 firmare
548 1978 951 2081 compulerat
973 2035 995 2070 ,
1033 1980 1398 2081 eodemque
1429 2003 1618 2055 metu
1638 1915 1853 2085 Augffi
1868 1982 2250 2082 reposcebat

78 2082 381 2155 militem.
419 2081 576 2149 Nec
597 2079 909 2175 Princeps
927 2098 1274 2174 comperto
1292 2100 1408 2176 per
1423 2077 1867 2168 Wilbelmum,
1889 2083 2006 2176 qui
2020 2101 2248 2153 coram

77 2171 325 2261 viserat,
344 2195 557 2245 rerum
579 2174 1105 2244 Gemanioarum
1127 2169 1313 2261 statu,
1333 2172 1558 2245 avidus
1579 2176 1960 2249 intervenire
1978 2175 2247 2271 pericu-

77 2269 149 2345 lis
172 2298 199 2358 ,‘
232 2278 311 2343 δε
331 2272 638 2366 accipere
659 2264 933 2338 militem
967 2262 1263 2363 obsequii
1293 2266 1744 2365 bonarumque
1779 2271 2012 2341 artium
2043 2265 2243 2345 indm

77 2365 284 2438 cilem.
358 2360 702 2460 Qamdiu
738 2363 983 2459 campis
1021 2362 1193 2432 circa
1224 2360 1625 2434 Bommelam
1673 2361 1874 2438 bostis
1911 2361 2194 2436 baerebat
2214 2409 2244 2451 ,
2402 2389 2410 2399 ·

72 2479 201 2532 non
222 2454 411 2531 aufiis
430 2464 494 2530 in
517 2451 804 2552 hyberna
824 2452 1067 2528 ducere
1082 2506 1104 2541 ,
1141 2473 1509 2555 quanquam
1526 2478 1755 2568 graves
1792 2454 2091 2558 impensae
2108 2459 2242 2528 Or*

72 2553 247 2626 dines
266 2552 635 2649 fatigabant
660 2603 681 2636 ,
723 2547 976 2621 refotos
994 2553 1288 2625 nonnihil
1308 2574 1582 2650 pecunia
1605 2605 1627 2638 ,
1647 2573 1856 2650 quam
1876 2575 1993 2625 rex
2009 2549 2243 2624 Ganiae

68 2635 467 2721 submiserat.
518 2642 647 2718 Sed
665 2642 776 2715 ubi
796 2642 1113 2715 Mendosa
1134 2696 1156 2731 ,
1196 2646 1333 2739 jam
1350 2643 1671 2719 crescente
1685 2665 2003 2717 autumno
2027 2700 2052 2736 ,
2088 2644 2237 2716 nul-

66 2742 205 2815 late
226 2744 449 2840 magis
470 2793 493 2828 ,
530 2762 729 2839 quatu
746 2729 916 2809 fame
944 2737 1326 2836 morbisque
1344 2739 1604 2811 suorum
1623 2741 1933 2827 coastus,
1967 2733 2234 2812 dimisso

63 2836 260 2911 milite
275 2838 580 2908 variasin
599 2850 811 2929 partes
837 2884 856 2917 ,
951 2854 1040 2902 uo
1058 2835 1270 2907 minus
1290 2832 1522 2906 seditio
1552 2831 1934 2906 coalesceret
1956 2886 1978 2920 ,
2012 2831 2146 2934 ipie
2161 2835 2228 2905 in

67 2933 503 3004 Germanicos
537 2929 702 3000 fines
740 2939 886 2996 rece
959 2947 985 2995 t
1006 2980 1028 3010 ,
1062 2923 1250 3000 {olvit
1286 2931 1363 2997 δε
1402 2925 1510 2998 ille
1548 2932 1772 3025 copias
1790 2980 1814 3016 ‚
1846 2927 2072 3026 positis
2089 2928 2224 3025 pri-
2274 2921 2551 2993 Adanu-itinn

70 3047 245 3097 mum
267 3023 623 3097 secundum
655 3017 915 3090 flumen‘
937 3024 1354 3093 munimentis
1379 3073 1400 3105 ,
1447 3020 1687 3116 quibus
1728 3029 2104 3118 eruptiones
2135 3044 2221 3091 ex
2243 3000 2549 3144 ma

67 3121 425 3193 Andrcano
458 3113 718 3189 castello
766 3112 1248 3190 cohiberentur.
1316 3117 1752 3186 Emmericum
1808 3138 1899 3215 qu
1997 3139 2077 3188 ue
2104 3114 2221 3187 ad·
2247 3145 2467 3204 m,
2541 3140 2552 3150 ·

65 3212 272 3287 versus
311 3214 762 3287 imminentem
798 3204 1229 3295 Mendosarm
1277 3212 1353 3279 &
1385 3207 1754 3303 oppidanos
1793 3235 1870 3322 pt
1974 3209 2088 3281 dio
2122 3213 2224 3282 iu·
2246 3219 2456 3295 epm

66 3305 275 3379 fensos
299 3363 319 3395 ,
342 3303 629 3379 immiffo
667 3325 784 3401 per
820 3300 1083 3375 ηοᾶειῑι
1123 3302 1372 3388 milite,
1417 3308 1866 3381 communivit.
1916 3306 2080 3376 Haec
2099 3322 2230 3375 ter-

66 3407 153 3472 ris
175 3403 350 3501 gesta
389 3417 530 3472 non
564 3401 933 3493 interrupto
964 3389 1198 3468 ordine
1233 3399 1775 3470 continuavimus.
1821 3399 1905 3472 ad
1943 3421 2045 3471 res
2086 3422 2231 3470 ma·-

65 3499 151 3567 ris
171 3520 344 3568 nunc
365 3497 662 3594 praeverti
704 3505 959 3587 tempus
993 3510 1246 3561 monet.
1314 3489 1495 3561 Alibi
1533 3490 1810 3564 diximus
1854 3493 2021 3566 Phili

64 3591 379 3688 regnandi
418 3601 701 3660 veterem
734 3588 988 3660 Batavis
1037 3587 1208 3656 inter
1246 3583 1413 3658 bella
1466 3592 1935 3660 commercium
2073 3582 2234 3686 ‘spaa
2351 3629 2386 3638 κ
2485 3630 2488 3638 -

64 3690 188 3752 niae
208 3678 555 3779 permifisse
574 3735 600 3768 ,
649 3676 761 3751 sub
786 3680 1054 3752 aliarum
1078 3678 1345 3776 quidem
1366 3683 1661 3777 gentium
1680 3681 2053 3756 nominibus
2075 3736 2098 3773 ,
2118 3681 2230 3754 sed
2495 3683 2520 3702 ⁸

66 3778 158 3846 ita
181 3829 201 3862 ,
249 3798 320 3848 ut
355 3794 694 3874 appareret
727 3794 976 3870 partem
1018 3772 1376 3874 prudentiae
1405 3771 1590 3844 fuiffe
1611 3775 1772 3847 vene
1787 3776 2004 3874 decipi
2052 3778 2230 3851 :five

64 3868 206 3963 spes
227 3870 494 3942 redituri
517 3867 808 3965 obsequii
834 3871 1036 3940 vetuit
1073 3871 1383 3963 ingentes
1402 3887 1651 3939 exteras
1690 3869 1760 3941 id
1799 3872 2229 3946 commodum
2273 3880 2277 3884 ’

64 3962 524 4036 transscribere
546 4019 569 4053 ,
604 3962 708 4036 stu
730 4014 750 4050 ‚
791 3961 977 4056 quod
996 3978 1230 4033 eventu
1268 3961 1779 4059 comprobatum
1806 3963 1954 4049 est,
1995 3971 2234 4058 metuit
2359 3977 2366 3984 ’

69 4060 330 4160 populis
365 4063 526 4135 mari
563 4059 917 4136 valentibus
934 4103 960 4154 ,
1004 4055 1053 4137 fi
1087 4053 1459 4225 Ηίᾦὲηἰειω
1491 4054 1845 4150 clauderet,
1878 4057 2229 4223 aliumbor·

1306 4167 1345 4222 2
1387 4169 1434 4225 2
2116 4168 2223 4227 ‘m
