2900 4628
419 134 1469 208 H'is‘roMAR-vu
1548 139 1793 214 ιη.
1876 140 2057 213 vn.
2201 161 2331 233 317

153 236 465 318 subditos
498 298 521 331 ,
568 239 879 342 praesente
917 263 990 313 ut
1025 239 1186 315 statu
1204 249 1503 318 contenti
1519 246 1788 320 alterum
1809 248 2043 321 nolint.
2112 251 2334 347 Atque
2398 258 2610 356 1598·

153 339 368 409 etiam
393 337 542 413 vide
567 391 590 428 ,
620 352 889 445 'quanto
910 335 1018 407 ille
1039 338 1452 436 pernitiofius
1470 341 1753 413 instituat
1774 343 2140 441 exemplum
2161 394 2185 429 ,
2222 346 2341 439 qui

154 434 523 531 quomodo
581 438 717 532 iple
760 429 1143 515 dominandi
1200 432 1386 504 causa
1425 434 1861 509 voluntarium
1905 441 1973 510 in
2015 434 2344 509 servitium
2387 440 2420 473 ‘¹
2513 480 2520 485 -

157 529 484 603 conceffit
521 580 545 617 ,
608 528 844 600 cuneta
880 524 1127 622 sceptra
1156 527 1474 601 Romano
1515 527 1882 601 sacerdotio
1917 529 2207 603 submitti
2244 533 2348 623 ju-

156 620 291 695 bet
311 678 334 713 ,
378 647 462 697 ne
511 647 593 696 ue
630 636 792 695 vero
930 616 1121 720 pulos
1160 674 1185 709 ‚
1231 644 1404 719 quos
1446 622 1624 696 ultro
1664 628 1953 697 concitat
1980 623 2077 696 lar
2127 628 2351 697 ‘tioui-
2484 660 2488 665 ·

161 716 304 791 bus
326 772 349 805 ,
396 646 723 816 segreges
761 722 828 816 ip
853 740 934 787 os
966 713 1236 793 rebelles
1255 737 1472 801 vocat.
1543 722 1723 791 Huic
1742 720 1924 792 causa
1944 723 2018 789 δι
2041 744 2087 789 o
2137 738 2352 790 tentus

164 812 333 886 belli
363 828 698 909 nunquam
718 812 929 884 deerit
973 832 994 879 ε
1041 808 1178 907 spes
1208 829 1281 882 ut
1299 812 1651 908 aliquando
1665 812 1875 886 desint
1896 867 1919 903 ,
1963 813 2350 912 postDeum

164 906 618 980 immortalem
650 958 673 993 ,
723 908 791 978 in
823 906 1016 978 tuaR
1110 905 1525 979 'naestmanu
1550 960 1573 995 ,
1621 906 2025 983 finobiscum
2046 912 2349 995 vincere,

168 1008 420 1101 paratis
456 1027 584 1100 pro
622 998 842 1075 sociali
874 999 1009 1072 fide
1058 1074 1069 1087 ,
1144 1004 1264 1071 'ma
1302 1002 1649 1097 periclitari
1685 1055 1708 1091 ,
1749 1025 1957 1100 *quam
1986 1007 2350 1073 amicorum

168 1101 373 1171 ruina
399 1102 531 1170 vim
567 1100 894 1168 inimicam
976 1092 1251 1168 tolatare
1291 1148 1313 1183 ,
1348 1115 1686 1195 mamque
1713 1097 2157 1171 ’constantiam
2203 1115 2352 1165 tue·-

172 1196 236 1264 ri
263 1245 288 1280 ‚
334 1214 535 1289 quam
569 1191 885 1266 beneficia
960 1187 1239 1262 estruere
1267 1195 1493 1263 mavia.
1557 1197 1637 1264 In
1656 1189 2083 1281 continuando
2100 1186 2348 1263 discors

175 1290 413 1450 regiassc,
437 1286 708 1453 &egiss
719 1282 1398 1455 uttffiesquffitessistiae
1422 1284 1796 1399 auGoribus
1821 1339 1844 1376 ,
1889 1308 2175 1385 quorum
2194 1307 2358 1371 mo·-

174 1402 290 1546 ἓξ
308 1472 633 1547 {uasorum
653 1400 1968 1575 ingniangublicisacottefil‘iisltlbgrtinagttur.
2008 1401 2037 1453 t
2105 1403 2351 1560 ιὲίῗιὲῑ

177 1572 280 1641 uti
313 1589 465 1643 ante
502 1571 784 1642 diximus
810 1623 833 1658 ,
869 1572 1135 1666 juventa
1165 1569 1527 1668 gloriaeque
1557 1570 1965 1671 cupidinefla
2042 1594 2158 1643 ans
2178 1623 2200 1658 ,
2249 1568 2347 1644 ul·
2372 1580 2486 1648 “3¹⁹
2516 1568 2667 1620 Μ’·

182 1683 289 1736 tra
322 1668 788 1763 patrimonium
825 1663 917 1736 lar
965 1669 1100 1736 itor
1119 1717 1143 1750 ,
1193 1684 1372 1737 totus
1408 1664 1766 1739 ambiendis
1793 1666 1934 1739 nob
1980 1682 2112 1737 ium
2139 1680 2176 1752 ,'
2205 1663 2349 1736 vul·
2376 1631 2669 1784 m&
2725 1724 2732 1733 .

241 1762 304 1846 ‘,
350 1759 631 1831 militnm
645 1758 871 1832 studiis
890 1783 927 1831 e
982 1759 1126 1830 usus
1151 1810 1172 1845 ,
1208 1758 1448 1830 nullam
1469 1761 1535 1830 in
1551 1759 1900 1860 otiospem
1923 1813 1947 1848 ,
1967 1784 1976 1791 ·
1994 1759 2267 1831 multum
2282 1762 2352 1829 in

185 1782 584 1926 &atavorum
613 1856 899 1926 amicitia
935 1853 1199 1949 fiduciq
1225 1852 1506 1926 habebat
1546 1877 1567 1924 ε
1614 1876 1815 1952 quare
1841 1854 1982 1927 dux
1999 1858 2032 1926 i
2039 1849 2145 1951 pse
2175 1851 2354 1925 bello

191 1972 312 2046 pet
333 1953 732 2020 Britanniam
772 1947 1112 2046 impolitus
1133 1970 1256 2044 pro
1266 1946 1448 2021 *bello
1467 1950 1795 2021 nitebatur
1814 2000 1837 2037 ,
2047 1972 2122 2020 ns
2148 1951 2352 2017 omit·-

189 2048 246 2113 ti
271 2039 450 2142 poffc
471 2094 493 2129 ,
530 2045 598 2115 ni
618 2066 745 2115 una
761 2044 1035 2141 Reginae
1051 2038 1351 2115 securitas
1377 2096 1397 2128 ,
1415 2041 1810 2115 existimatio
1834 2095 1855 2131 ,
1885 2042 1949 2114 fa
2022 2040 2360 2141 'que-sum-

192 2138 892 2306 {ffigjfffiffiffigmgg
959 2134 2361 2307 {532‘30035523353325352230‘3322‘1
2388 2134 2654 2285 3:52ae

193 2333 275 2400 rii
308 2353 461 2400 cura
485 2383 506 2416 ,
545 2331 681 2425 jam
725 2255 969 2401 ulqtimaq
988 2325 1339 2427 presertim
1375 2348 1605 2415 aetate,
1654 2354 1803 2401 cum
1833 2288 2120 2406 d'ominae
2159 2326 2357 2426 parfi-

193 2427 421 2496 monia
455 2423 858 2521 congruebat
898 2476 922 2509 ,
981 2425 1233 2520 magnis
1320 2426 1576 2497 rivatim
1616 2425 1858 2499 divitiis
1900 2424 2212 2496 incubans
2246 2439 2360 2492 exa

198 2520 531 2615 perientioe
569 2540 751 2590 vetus
788 2571 811 2606 ,
878 2522 956 2589 δε
984 2518 1138 2602 binc
1164 2540 1205 2586 a
1368 2522 1556 2590 ritate
1587 2519 1842 2591 alterius
1883 2523 2155 2616 gratiam
2193 2539 2366 2614 prae-

196 2611 480 2708 fulgens.
548 2615 679 2684 Hic
769 2612 1022 2685 ravibus
1052 2611 1265 2685 verbis
1307 2611 1735 2686 Christianam
1773 2613 2038 2685 laudans
2075 2633 2364 2685 concor-

199 2707 445 2793 diam,
511 2704 737 2778 differe
824 2728 849 2777 t
892 2761 913 2794 ,
980 2711 1148 2780 inter
1206 2711 1520 2803 ancipites
1582 2708 2002 2783 consiliorum
2043 2726 2310 2782 eventus
2336 2756 2361 2791 ‚

253 2801 388 2872 uod
429 2804 608 2897 pium
646 2799 1118 2898 honestumque
1154 2798 1329 2875 foret
1348 2827 1472 2913 pro
1489 2823 1675 2875 certo
1697 2802 2088 2900 sequendum
2126 2824 2146 2871 ε
2193 2824 2364 2898 prae-

202 2824 344 2970 {us
376 2895 658 2991 denique
693 2896 1123 2967 commodum
1161 2914 1312 2967 ante
1344 2916 1587 2969 incerta
1621 2895 2047 2996 suspicionum
2068 2904 2227 2997 poni
2244 2898 2367 2970 de·

202 2992 360 3065 bere
380 3044 401 3077 ,
448 3012 810 3087 pacemque
844 3007 979 3062 non
1021 2987 1189 3062 hosti
1230 2994 1439 3089 magis
1475 3013 1672 3088 quam
1708 2993 1939 3090 Anglis
1959 2997 2367 3064 incremento

204 3090 515 3168 futuram.
579 3083 693 3156 An
732 3107 889 3157 vero
929 3083 1100 3155 adeo
1133 3084 1299 3157 male
1319 3105 1509 3157 notas
1530 3090 1749 3181 patriae
1765 3094 1930 3158 vires
1951 3141 1973 3174 ,
2019 3109 2092 3159 ut
2113 3088 2226 3159 nisi
2248 3107 2368 3161 vo-

207 3181 381 3252 lente
420 3183 663 3250 Batavo
698 3177 858 3252 salva
896 3177 1024 3251 effe
1061 3202 1196 3250 non
1235 3177 1446 3276 poffet
1482 3204 1503 3250 :
1555 3204 1707 3252 cum
1738 3185 1998 3255 interim
2035 3187 2110 3252 δε
2141 3182 2367 3256 Gallus

209 3277 544 3346 communi
585 3294 809 3360 metu,
861 3274 1085 3372 &ipsi
1122 3277 1341 3346 Batavi
1374 3274 1705 3373 religionis
1727 3300 1874 3346 cura
1897 3330 1918 3363 ,
1961 3276 2369 3349 firmioribus

210 3392 292 3441 ex
321 3366 683 3439 neceffitate
719 3421 742 3454 ,
787 3376 984 3464 quam
1023 3366 1275 3440 foedete
1301 3423 1322 3456 ,
1366 3370 1639 3443 vinculis
1676 3370 1971 3444 adversus
2015 3371 2372 3469 periculum

210 3464 671 3536 munerentur?
719 3464 913 3555 Qin
956 3462 1308 3561 Hispanum
1348 3464 1745 3536 infirmitatis
1780 3463 1904 3538 firae
1922 3465 2368 3558 documento,

215 3564 291 3630 δε
324 3556 749 3630 rebellionem
779 3558 1135 3631 Hibernam
1172 3582 1249 3627 ac
1280 3578 1511 3631 caetera
1533 3557 1821 3631 facinora
1846 3614 1868 3647 ‚
1916 3561 2097 3631 nullo
2118 3566 2183 3633 in
2210 3586 2372 3660 pace

217 3649 495 3725 fubfidio
533 3651 767 3750 sponte
782 3658 1102 3750 quietura.
1170 3650 1526 3762 Elisabetha
1551 3709 1572 3742 ,
1621 3653 1728 3726 seu
1745 3676 1894 3727 vere
1913 3654 2214 3756 ambigua
2234 3663 2369 3730 ani·
2419 3657 2688 3737 zlesaebuhae

170 3835 179 3840 j
220 3749 312 3818 mi
334 3797 357 3832 ,
405 3744 509 3816 stu
542 3751 720 3842 pacis
757 3768 934 3819 metu
966 3747 1086 3819 alia
1120 3769 1339 3818 omnia
1361 3753 1722 3844 exprimere
1742 3754 2009 3844 cupiens
2034 3804 2055 3837 ,
2102 3752 2369 3850 respon-
2400 3749 2515 3789 Μ
2562 3748 2690 3855 “⁸2⁴

219 3843 320 3914 dit
404 3839 621 3913 uaefito
655 3863 1195 3941 temperamento.
1263 3842 1373 3914 Ab
1401 3847 1594 3914 initio
1611 3843 1849 3916 nihilse
1872 3844 2245 3918 inconsultis
2267 3843 2371 3918 so·
2395 3816 2677 3951 &W

216 3940 337 4009 ciis
462 3954 636 4007 tuere
653 3936 922 4013 voluisse
958 3960 978 4005 t
1027 3954 1281 4033 gratum
1300 3935 1567 4010 viciffim
1591 3990 1614 4023 ,
1662 3937 1846 4033 quod
1865 3946 2095 4011 mentis
2116 3938 2237 4012 suae
2256 3965 2376 4011 co·-

215 4037 395 4136 piam
427 4028 735 4108 facerent.
799 4035 959 4106 Nec
976 4030 1145 4108 leves
1165 4050 1383 4106 tamen
1403 4030 1599 4107 Gallo
1625 4083 1648 4123 ,
1695 4031 1943 4130 sibique
1962 4034 2112 4110 belli
2132 4055 2380 4199 exuens·

1844 4165 1851 4175 ι
2205 4164 2216 4177 ο
2361 4153 2382 4204 ¹
