2900 4628
310 173 1372 309 ursroiunnvm
1457 231 2248 325 Lrn.xv11.545

84 362 186 420 ‘res
205 354 514 420 maximas
541 350 685 444 paci
720 345 1190 421 condonaffent
1213 401 1236 435 ,
1281 345 1612 419 Ordinum
1656 347 2054 443 praefrachm
2075 346 2251 447 duri-
2322 343 2528 427 1608.

68 446 239 514 „tiem
254 436 592 514 accusabat
611 497 632 526 ‚
661 468 698 511 a
721 440 961 537 quibus
985 466 1157 513 nunc
1171 465 1444 538 quoque
1471 442 1640 513 haud
1665 438 1808 515 satis
1827 444 2066 525 decore
2086 440 2147 511 se
2170 442 2257 512 fi*

91 539 270 608 nibus
291 536 470 634 pelli.
535 536 864 607 Fatidicus
884 590 907 622 ‚
944 541 1195 633 inquit,
1236 561 1371 608 non
1394 534 1557 623 sum,
1578 534 1683 607 sod
1703 556 1813 608 aut
1834 537 2254 610 vehementer

75 654 212 727 -ego
230 635 425 701 animi
446 630 662 715 fallor,
686 650 801 701 aut
814 632 949 725 jam
966 629 1138 702 diem
1162 631 1492 728 praevideo
1520 684 1542 717 ,
1576 652 1728 701 cum
1750 650 1881 701 tam
1907 652 2252 703 conturna»

70 731 245 795 ,citer
262 724 596 821 repudiata
616 724 799 796 reddi
814 723 1005 799 vobis
1024 722 1249 797 frustra
1268 725 1611 823 optabitis.
1663 724 1803 796 Vos
1829 722 2053 822 spretae
2158 730 2255 796 cis

84 842 233 890 reos
270 839 536 917 peraget
571 823 684 915 qui
718 818 1024 890 fundetur
1066 824 1131 890 in
1170 820 1495 917 posterum
1519 817 1793 916 linguis.
1843 823 2019 890 Huic
2112 820 2250 892 rdi-

85 937 239 983 num
262 908 527 983 nomine
543 918 629 984 ita
647 908 981 1009 respondit
1020 912 1686 987 Oldenbarneveldius
1712 966 1734 999 ,
1780 934 1850 985 ut
1875 913 2251 1011 {impliciter
2301 916 2584 1009 osseni-ap

80 1003 280 1103 egisse
299 1008 589 1078 Ordines
609 1007 1018 1091 ostenderet,
1068 1012 1184 1102 qui
1202 1009 1611 1105 colloquium
1648 1030 1784 1081 non
1828 1007 2242 1094 admiliffent,
2279 1001 2493 1126 &302³
2580 1050 2586 1057 ·

28 1176 32 1183 ,
80 1100 197 1171 nifi
212 1122 471 1198 accepta
497 1100 628 1171 fide
648 1101 936 1172 relistum
954 1101 1068 1173 fibi
1093 1107 1168 1172 iri
1189 1102 1576 1175 libertatem.
1589 1105 1775 1195 ,Qo
1793 1108 2002 1183 minus
2018 1101 2243 1175 foedus
2276 1078 2553 1201 gmssss‘f:
2661 1110 2667 1120 “

60 1214 270 1263 -coeat
288 1219 404 1292 per
423 1195 590 1290 ipsos
613 1197 800 1282 stare,
816 1201 932 1292 qui
996 1195 1254 1267 romissa
1274 1196 1535 1293 exsequi
1556 1217 1667 1268 aut
1689 1220 1822 1269 non
1844 1195 2106 1292 poffint,
2133 1214 2245 1269 aut
2260 1213 2460 1291 sponsm

61 1310 222 1358 -non
238 1293 458 1362 velint.
510 1290 619 1362 Ab
638 1291 761 1364 illis
776 1314 938 1387 repo
967 1290 1244 1369 cendum
1264 1289 1659 1404 languinem
1683 1313 1965 1387 quorum
1985 1294 2126 1384 jura
2145 1308 2251 1362 ar·-

77 1386 205 1452 mis
222 1383 527 1456 omnibus
549 1389 918 1457 cruentiora
931 1408 1257 1456 armorum
1275 1385 1567 1459 fecissent
1585 1384 2013 1458 neceffitatem
2035 1409 2055 1456 ε
2079 1409 2257 1481 quo-

64 1500 356 1574 -rumque
374 1484 648 1551 recentia
678 1484 872 1551 etiam
890 1482 956 1550 in
977 1479 1267 1551 imbelles
1301 1499 1523 1551 nautas
1540 1503 1616 1551 ac
1637 1477 1983 1575 piscatores
2001 1479 2253 1559 flevitiae

75 1573 371 1669 exempla
390 1574 756 1647 existerent.
782 1573 1100 1645 Adstabat
1121 1573 1388 1671 Spinola
1411 1599 1497 1646 eo
1520 1572 1663 1647 fine
1684 1574 1956 1661 vultu,in
1978 1597 2117 1671 quo
2131 1575 2250 1646 de·
2359 1644 2370 1671 x

76 1664 343 1764 speratae
370 1674 543 1764 pacis
563 1668 758 1741 dolor
776 1668 1392 1764 deprehenderetur.
1445 1671 1692 1741 Abiens
1713 1673 1898 1767 Haga
1921 1668 2249 1741 Ricardo·
2322 1692 2509 1764 ΚΜ,
2534 1686 2575 1763 2,

75 1763 392 1845 tu5,forte
408 1787 489 1833 an
506 1763 780 1835 confilio
801 1816 829 1853 ,r
862 1785 1090 1833 arcana
1121 1764 1560 1835 Archiducum
1581 1762 1874 1865 mandata
1891 1764 1974 1834 de
1998 1768 2249 1833 ratione
2281 1776 2537 1837 Ricardum

68 1855 457 1929 instituendi
494 1857 811 1953 colloquii
849 1859 1017 1926 inter
1053 1858 1304 1929 chartas
1340 1855 1647 1952 quasdam
1687 1860 1752 1925 in
1790 1857 2074 1953 hospitio
2098 1858 2247 1928 reli·
2281 1867 2466 1980 ‘'m‘'

60 1954 252 2047 quit,
273 1972 425 2045 quae
446 1973 695 2046 reperta
718 1953 897 2022 brevi
912 1956 980 2021 in
1000 1952 1225 2049 vulgus
1242 1964 1620 2022 emanarunt
1689 1955 1808 2020 His
1827 1953 2081 2036 cunda,
2101 1974 2248 2047 quae
2281 1936 2335 2049 ,ζ’
2366 1936 2546 2068 ,υἱέι

68 2050 158 2116 de
180 2069 348 2142 pace
362 2045 500 2114 aeta
522 2049 907 2116 narravimus
926 2098 945 2129 ‚
968 2050 1054 2115 ita
1075 2044 1462 2139 jubebantur
1487 2099 1505 2131 ‚
1526 2068 1720 2141 atque
1738 2051 1906 2118 inter
1924 2066 2151 2116 caetera
2172 2046 2248 2116 il-
2286 2068 2520 2127 emittun-
2597 2064 2598 2067 ’

51 2136 213 2225 lud,
245 2139 338 2209 de
356 2140 654 2211 libertate
670 2137 996 2210 afferenda
1017 2140 1257 2234 nequid
1276 2139 1765 2210 contenderent.
1817 2140 1944 2212 Sed
1972 2141 2132 2209 Filci
2146 2143 2254 2235 ju·
2287 2151 2394 2200 w·

66 2256 168 2321 ra,
188 2232 237 2304 fi
263 2256 404 2303 non
427 2233 848 2304 redderentur
866 2286 887 2320 ‚
907 2256 1134 2304 eorum
1160 2239 1222 2302 in
1240 2238 1446 2303 vicem
1469 2257 1744 2305 annuam
1766 2237 2103 2333 pecuniam
2128 2260 2257 2332 po·

63 2328 355 2400 scerenr.
409 2335 628 2424 Atque
652 2330 761 2398 ubi
787 2348 1015 2399 caetera
1101 2327 1483 2400 rovenissent
1507 2382 1525 2414 ‚
1567 2350 1706 2399 turn
1736 2330 1962 2400 callide
1979 2330 2257 2402 insinua·-

62 2441 213 2494 rent
232 2429 524 2509 Batavis»,
549 2424 828 2494 validum
847 2423 1002 2508 effe,
1052 2421 1438 2510 1cohaere’at,
1465 2424 1742 2519 Belgicae
1765 2427 2033 2520 corpus}
2054 2425 2280 2513 divul-⁴

60 2517 205 2589 sum
249 2517 451 2589 facile
486 2539 761 2589 externo
794 2522 984 2589 alicui
1025 2523 1089 2588 in
1125 2519 1404 2615 praedarn
1430 2517 1767 2590 cessurum.
1821 2520 2028 2589 Βεᾶε
2061 2523 2081 2589 i
2132 2523 2262 2590 itur

58 2611 456 2698 facturosfii
484 2614 881 2684 Archiduces
901 2613 1017 2688 libi
1037 2611 1403 2683 defensores
1422 2613 1839 2686 adsciicerent
1863 2668 1881 2698 .,
1904 2636 2013 2683 aut
2033 2614 2090 2682 la
2120 2633 2257 2684 tem

38 2729 207 2779 -eam
226 2713 481 2780 inirent
499 2707 894 2793 societatem,
912 2732 1043 2804 qua
1062 2707 1259 2785 hostis
1282 2713 1539 2802 utrique
1560 2714 1723 2805 parti
1742 2708 1953 2792 fieret,
1973 2711 2088 2802 qui
2103 2709 2266 2779 alte-1

57 2829 201 2874 ram
225 2805 526 2875 laederet.
578 2805 646 2873 Si
666 2825 748 2872 ne
766 2799 833 2871 id
853 2802 1116 2897 quidem
1134 2799 1342 2897 poss'et
1363 2803 1674 2890 obtineri,
1702 2804 1831 2873 hoc
1857 2822 2070 2871 tamen
2095 2825 2266 2870 con-⁴·

56 2903 322 2974 veniret
344 2952 368 2983 ‚
418 2919 499 2966 ne
520 2913 663 2993 pars
701 2896 898 2966 altera
915 2894 1175 2966 alterius
1211 2894 1377 2966 hosti
1414 2918 1546 2991 ope
1566 2917 1675 2966 aut
1696 2895 1968 2967 consilio
1990 2891 2258 2981 adeffet,

56 3014 171 3065 aut
191 3010 592 3089 quenquam
620 2990 879 3062 suorum
901 2995 961 3061 ei
985 2991 1258 3060 militare
1279 3005 1624 3084 pateretur.
1652 2988 1783 3062 Sed
1803 2991 1938 3060 haec
1965 2988 2262 3086 Hispani-⁸

51 3094 115 3161 ci
137 3094 364 3163 celare
386 3085 624 3159 Gallos
658 3090 1135 3181 Britannosque
1169 3082 1563 3180 jubebantur
1602 3108 1622 3154 t
1661 3085 2018 3156 eorundem
2044 3104 2260 3153 tamen

42 3208 265 3282 >opera
286 3188 392 3254 uti
426 3182 509 3253 ad
529 3202 631 3251 res
647 3180 824 3265 alias,
846 3184 922 3250 δε
952 3183 1157 3250 Ianini
1180 3176 1526 3275 praelertim
1549 3179 1630 3248 ad
1649 3178 2096 3274 impetrandos
2115 3180 2268 3247 Ro-

50 3279 493 3352 manenfibus
514 3273 659 3345 suos
683 3278 840 3346 ritus
872 3327 894 3360 ,
943 3279 1018 3343 &
1044 3274 1369 3343 bonorum
1406 3273 1738 3367 quondam
1772 3270 2274 3352 sacerdotalium*

5 3441 27 3464 ,
52 3395 349 3478 partem.
411 3368 1019 3441 Commendabatur
1051 3372 1125 3437 δι
1147 3366 1294 3463 ipsis
1332 3367 2128 3439 Transamafianicomitis
2149 3390 2261 3438 ne-

50 3475 331 3569 gotium
363 3517 387 3556 ,
435 3468 768 3560 &privata
784 3463 1079 3559 quaedam
1102 3462 1245 3531 alia.
1303 3463 1448 3553 Qi
1477 3460 1785 3559 scriptum
1820 3464 1941 3535 hos
1963 3488 1998 3532 a
2035 3462 2265 3531 Ricar-

48 3571 235 3639 doto
261 3585 397 3664 per
416 3564 731 3632 incuriam
756 3559 1068 3644 relictum
1086 3556 1346 3626 credere
1387 3581 1523 3628 non
1550 3576 1873 3652 poterant,
1899 3558 2010 3628 has
2035 3554 2125 3627 illi
2146 3573 2263 3628 cut·

36 3661 481 3758 relinqueret
498 3654 707 3725 causas
728 3651 911 3724 fisiffe
933 3651 1426 3748 suspicabantur-3
1453 3653 1629 3722 ut·de
1649 3652 1946 3724 libertate
1967 3651 2120 3724 nihil
2148 3651 2265 3725 nifi

29 3756 223 3831 {erio
246 3755 489 3825 acrum
513 3747 912 3846 persuaderet
938 3800 958 3830 ,
1002 3754 1076 3815 δε
1094 3745 1175 3816 de
1194 3746 1476 3816 auxiliari
1514 3744 1763 3818 foedere
1788 3771 1872 3830 co
1923 3753 2264 3819 irationem

40 3855 371 3949 injiceret
393 3843 866 3949 Batavi5,quod
887 3839 1097 3913 verbis
1121 3864 1420 3935 promere
1441 3845 1851 3912 immaturum
1873 3771 2264 3935 {eranQi
2401 3903 2406 3908 .

34 3950 430 4047 vulgavere
453 3990 476 4022 ,
492 3959 599 4008 aut
615 3936 896 4032 sulpesta
916 3936 1126 4006 facere
1143 3937 1486 4032 voluerunt
1501 3938 1869 4035 legatorum
1895 3993 1913 4022 ‚
1937 3963 2010 4009 ac
2032 3937 2261 4030 Gallia
2290 3939 2294 3944 ’

26 4040 438 4144 praestrtim
451 4086 471 4113 ‚
496 4033 779 4117 consilia,
802 4054 913 4103 aut
933 4035 1167 4101 acriori
1188 4055 1413 4129 regum
1434 4034 1600 4103 odio
1619 4033 1907 4128 objicere
1926 4032 2261 4104 Archidud

39 4164 186 4215 ces.
205 4124 647 4210 Ricardotus
672 4148 785 4226 per
801 4129 1016 4203 literas
1039 4130 1114 4195 δι
1132 4125 1339 4296 suar}¹
1321 4127 1781 4226 negligentiam
1801 4127 2114 4200 accusavit
2138 4178 2156 4208 ‚
2182 4130 2260 4291 83:

1388 4244 1456 4296 m
2065 4237 2205 4316 quo
