2900 4628
657 224 782 297 514
918 280 927 289 ,
1070 203 1727 280 Hvoole
1836 208 2366 289 QROTII

370 316 577 403 1607,
644 309 877 399 ‚Frifici
897 316 1093 386 maris
1116 314 1285 388 sinus
1304 315 1548 389 videre.
1571 316 1813 389 Eadem
1830 340 1950 391 vus
1965 336 2120 393 noto
2133 316 2305 388 ¹orbe
2322 314 2590 389 fortuna
2750 318 2800 373 '-

651 428 782 487 tur.
829 407 1115 481 Difficile
1131 409 1224 482 est
1241 410 1438 483 nobis
1456 416 1615 483 mari
1633 435 1769 483 non
1792 415 2073 485 vincere.
2103 413 2282 495 ,Nec
2531 434 2661 480 nam

650 501 890 575 stilium
911 505 1166 574 navium
1186 504 1570 602 magnitudo
1587 521 1842 577 terreat.
1892 506 2088 597 Qtin
2106 502 2216 574 illa
2234 432 2588 600 ὶρὲυιῗοῗεε
2606 556 2626 588 ,
2643 506 2792 575 veni

636 600 886 696 ‘agique
910 593 1209 667 inhabilis
1253 603 1329 668 &
1364 598 1445 670 ad
1467 599 1724 671 vulnem
1760 617 1986 695 patens
2019 600 2228 670 exitio
2262 601 2415 670 erit.
2475 597 2634 673 Illud
2648 619 2792 669 vero

633 691 755 769 ,vel
773 694 1197 790 praecipuum‚
1215 693 1400 788 quod
1416 693 1588 788 apud
1605 715 1728 764 nos
1747 713 1956 763 nautae
1980 714 2066 788 pu
2241 710 2270 761 t
2287 745 2310 776 ‚
2335 689 2515 789 apud
2530 690 2672 762 illos
2683 695 2797 762 mi·
2855 728 2864 737 ·

635 783 803 864 ,lites
828 837 852 871 ‚
892 807 1065 879 quos
1085 806 1213 880 ego
1231 787 1388 857 mihi
1409 784 1632 861 videre
1651 785 1879 859 videor
1896 837 1919 871 ‚
1958 805 2031 856 ut
2074 799 2192 857 unt
2208 784 2472 858 delioeti
2494 839 2518 869 ,
2559 780 2801 856 sentina

652 879 868 949 odore
888 902 965 948 ac
1007 878 1019 890 ‘
1064 877 1347 950 &atione
1385 877 1700 969 fluQuum
1739 901 1946 985 prope
1981 883 2307 950 exanimes
2327 883 2397 950 in
2430 882 2800 976 vertiginem

500 1018 509 1027 -
654 971 823 1043 dari.
876 975 976 1043 Ni
1028 972 1068 1041 il
1086 994 1121 1040 a
1139 994 1474 1069 quoquam
1494 971 1695 1072 poseo
1720 1025 1741 1058 ‚
1782 977 1900 1045 nih
1916 974 2093 1065 cujus
2114 967 2249 1072 ipse
2267 974 2533 1044 daturus
2555 969 2800 1044 snmex·

654 1065 969 1162 emplum.
1038 1067 1151 1137 Tu
1176 1090 1440 1137 wmecum
1465 1120 1486 1152 ,
1532 1066 1880 1138 Lamberte
1903 1118 1926 1152 ‚
1980 1068 2046 1136 in
2078 1069 2453 1163 praetoriam
2491 1066 2798 1139 invehere,

659 1161 842 1253 Qae
857 1157 941 1229 ab
963 1157 1082 1230 hac
1097 1156 1368 1231 secunda
1390 1160 1486 1232 est
1500 1161 1729 1233 vestras
1756 1213 1776 1245 ,
1801 1156 1995 1230 Braffi
2014 1180 2211 1256 atque
2233 1158 2501 1233 Alterafi
2531 1213 2556 1246 ‚
2593 1183 2807 1231 manus

654 1249 947 1326 sentiant.
973 1252 1270 1335 Caeteros
1284 1258 1500 1326 caeteri
1517 1253 1943 1353 aggredimini
1963 1286 1987 1339 ;
2006 1253 2142 1327 bini
2163 1253 2462 1353 [iugulas.
2504 1257 2808 1329 Leviora

659 1351 915 1433 navium
955 1347 1618 1463 circumvectaburffr
1639 1403 1659 1431 ,
1694 1371 1834 1444 quo
1869 1346 2090 1446 fugam
2126 1348 2405 1421 hostium
2437 1347 2809 1445 impediant.

655 1436 789 1512 Sed
807 1439 919 1511 ubi
938 1444 1211 1535 coeperit
1234 1441 1524 1537 praelium
1546 1496 1570 1527 ‚
1613 1462 2012 1514 mementote
2046 1468 2166 1516 vos
2185 1443 2454 1515 navibus
2488 1441 2810 1540 depugna·

657 1557 730 1607 re
751 1586 773 1620 ,
804 1552 1035 1628 captos
1064 1558 1295 1605 ornnes
1318 1533 1644 1631 caelbsque
1680 1540 1746 1606 ui
1766 1540 2045 1626 vincitise
2113 1535 2555 1633 Expediamus
2597 1560 2811 1631 proce·

646 1636 802 1700 ‘rum
824 1625 1005 1722 super
1021 1651 1091 1698 re
1111 1626 1349 1698 summa
1384 1633 1697 1725 ancipites
1731 1653 1937 1702 curas.
1986 1679 2013 1700 .
2045 1634 2054 1645 “
2095 1651 2122 1703 t
2151 1633 2258 1703 hic
2277 1630 2417 1702 dies
2455 1633 2519 1702 in
2614 1655 2692 1701 ns
2711 1654 2813 1700 au·

659 1719 702 1794 s
731 1723 927 1790 icium
952 1720 1133 1791 dabit
1169 1726 1236 1793 in
1258 1722 1421 1794 bella
1461 1721 1884 1811 redeuntibus
1904 1777 1924 1810 ,
1971 1744 2081 1797 aut
2181 1730 2312 1799 ciet
2346 1746 2419 1795 ut
2703 1728 2817 1795 Hi-

658 1746 887 1927 {ganas
908 1810 1070 1886 letio
1090 1815 1263 1888 velit.
1311 1819 1488 1888 Tum
1556 1839 1761 1888 onere
1779 1869 1802 1903 ‚
1840 1841 1922 1890 an
1945 1820 2433 1910 retinerearma
2456 1818 2691 1890 reffins
2704 1818 2816 1888 de·

660 1912 898 1994 liberet
918 1909 1127 1982 vietor
1164 1913 1459 1982 Batavus.
1560 1911 1752 1983 elices
1789 1935 1917 1983 nos
1954 1914 2210 2009 interim
2230 1912 2465 1998 famae„
2513 1908 2623 1983 seu
2638 1915 2815 1983 mari-

662 2007 807 2077 timi
830 2003 1138 2100 triumphi
1165 2005 1317 2077 hinc
1335 2008 1650 2085 numerari
1670 2009 1797 2077 inci
1825 2082 1828 2085 ,
1851 2008 1981 2076 ient
2004 2058 2025 2092 ‚
2065 2007 2190 2079 five
2221 2012 2386 2078 inter
2411 2009 2596 2104 pacis
2615 2007 2810 2076 caulas

666 2120 790 2171 nos
815 2120 905 2192 qu
1004 2120 1083 2168 ue
1098 2096 1496 2169 censebimur
1516 2152 1542 2184 ‚
1577 2103 1650 2168 δε
1717 2123 1794 2170 ua
1844 2103 2088 2196 taginta
2111 2122 2320 2199 prope
2336 2125 2663 2172 annorum
2683 2099 2812 2171 bel-

662 2192 796 2265 lum
815 2191 973 2262 nobi
1000 2196 1020 2264 i
1058 2190 1143 2262 ad
1175 2192 1472 2289 posteros
1491 2193 1622 2264 fine
1651 2122 1795 2264 3221

662 2284 877 2360 verbis
896 2289 1101 2382 magis
1123 2309 1316 2381 quam
1335 2286 1544 2359 oculis
1563 2285 1870 2382 vultuque
1891 2298 2041 2362 toto
2080 2291 2497 2371 centuriones
2512 2311 2811 2359 commo-

660 2398 838 2452 verat
867 2428 887 2462 ‚
936 2383 1051 2472 qui
1081 2377 1172 2449 lar
1219 2403 1257 2450 e
1294 2404 1563 2476 operam
1586 2379 1964 2476 pollicentes
1990 2438 2012 2471 ,
2050 2384 2166 2482 ipfi
2187 2380 2443 2481 iafiiper
2464 2379 2588 2454 lese
2604 2378 2820 2478 priscis

582 2527 589 2532 .
659 2497 736 2542 ac
756 2471 1116 2543 recentibus
1210 2471 1499 2571 ispanicae
1519 2475 1912 2549 crudelitatis
1952 2475 2264 2576 exemplis
2284 2480 2349 2548 in
2371 2476 2699 2549 ultionem
2717 2475 2823 2547 sti-

661 2564 1011 2640 mulabant.
1063 2570 1162 2640 Ita
1179 2569 1557 2641 circumlato
1580 2570 1825 2665 poculo
1857 2595 1935 2642 ac
1967 2593 2269 2646 renovata
2288 2569 2678 2643 sacramenti
2704 2569 2832 2640 fide

664 2656 1031 2732 disceditur.
1073 2659 1421 2742 praescistus
1443 2666 1661 2738 Avilas
1679 2682 1750 2733 ut
1768 2666 1951 2737 reem
1967 2672 2035 2739 in
2058 2666 2119 2739 sc
2132 2664 2312 2737 cursu
2328 2665 2487 2735 ferri
2504 2664 2680 2738 vidit
2695 2686 2835 2736 tan-

664 2750 882 2828 to'suis
898 2756 1149 2824 minora
1181 2760 1428 2854 navigia
1452 2811 1472 2844 ,
1514 2761 1838 2866 captivum
1869 2783 2065 2857 quem
2084 2757 2295 2833 secum
2330 2757 2623 2850 habebat
2642 2763 2835 2830 Bata·

642 2873 817 2938 ‚vum
838 2843 996 2921 solvi
1007 2848 1195 2941 jubet
1218 2903 1241 2936 ,
1287 2855 1362 2920 &
1396 2852 1556 2947 quid
1588 2851 1712 2922 illis
1729 2855 1930 2925 animi
1963 2852 2096 2927 csse
2122 2853 2411 2926 crederet
2432 2856 2834 2951 interrogat.
2881 2943 2882 2948 ἵ

661 2942 779 3016 llle
796 2967 979 3030 vero,
1003 2963 1111 3014 aut
1127 2943 1384 3017 nostros
1401 2971 1535 3018 non
1556 2949 1739 3031 novi,
1763 2950 1982 3044 inquit
1991 3003 2014 3036 ,
2028 2968 2140 3021 aut
2159 2949 2256 3022 isti
2267 2949 2406 3045 jam
2425 2946 2555 3018 tibi
2578 2951 2649 3017 in
2724 2969 2835 3016 rae·

657 3036 819 3109 lium
838 3036 1135 3122 ade-runt.
1187 3037 1474 3136 Ridebat
1494 3037 1810 3139 Hispanus
1827 3095 1851 3129 ,
1892 3043 2230 3140 indignum
2250 3061 2514 3140 putans,
2531 3039 2585 3113 fi
2602 3067 2645 3114 v
2735 3063 2838 3112 to·

660 3152 727 3204 ta
753 3129 1033 3202 hostium
1051 3131 1249 3205 claffis
1271 3157 1393 3204 una
1416 3157 1568 3205 cum
1590 3139 1891 3231 praetoria
1907 3135 2010 3208 sua
2030 3155 2539 3234 compararetur.
2567 3137 2673 3207 At
2693 3157 2836 3207 cum

650 3228 788 3323 jam
807 3224 911 3296 illa
935 3228 1203 3322 propius
1219 3227 1582 3316 accederet,
1603 3230 1867 3300 coactus
1886 3283 1907 3317 ,
1923 3230 2114 3328 quod
2129 3253 2349 3303 verum
2365 3231 2840 3313 erat,credcoe.

659 3326 1032 3421 praetoriam
1050 3325 1397 3418 suam,quae
1414 3322 1851 3419 fortejacebat
1869 3328 2180 3412 exterior,
2199 3323 2474 3423 praecilis
2489 3325 2839 3408 anchoris,

662 3420 935 3516 propius
948 3416 1184 3488 urbem
1204 3416 1460 3498 reduxit
1482 3471 1504 3505 ,
1536 3438 1609 3488 ut
1630 3418 1830 3527 praelii
1848 3417 2110 3489 fortuna
2129 3422 2193 3490 in
2216 3417 2352 3490 aliis
2370 3417 2660 3491 navibus
2679 3441 2844 3517 prz-

662 3530 1036 3602 tentaretur.
1058 3514 1211 3582 Nec
1227 3515 1310 3581 eo
1329 3531 1545 3584 tamen
1568 3535 1780 3582 minus
1804 3513 2119 3609 propofiti
2138 3533 2331 3583 tenax
2349 3515 2848 3588 Hemskerkius

571 3601 575 3610 ⁴
660 3605 1112 3702 praeterveQus
1130 3623 1392 3677 caeteras
1413 3608 1604 3696 unam
1623 3605 1793 3676 iliam
1810 3611 1973 3704 petit
1994 3661 2016 3694 ,
2038 3631 2116 3679 ac
2138 3611 2418 3705 primum
2437 3630 2616 3679 voce
2639 3608 2854 3682 edicit

710 3700 944 3771 raedam
960 3723 1225 3773 omnem
1242 3703 1630 3796 capientium
1649 3698 1794 3770 fore
1815 3752 1837 3785 ,
1874 3705 2339 3811 praemiumque
2357 3697 2626 3798 insuper
2643 3707 2720 3776 ei
2739 3708 2852 3799 qui

659 3721 943 3867 liostium
965 3795 1239 3891 aplustre
1258 3794 1644 3867 detraheret.
1692 3792 1856 3866 Tela
1877 3794 1992 3868 nifi
2011 3819 2050 3867 e
2069 3816 2389 3893 contiguo
2408 3799 2590 3868 mitti
2609 3819 2849 3870 veme-

660 3909 762 3960 rat
786 3941 806 3973 ‚
847 3912 985 3985 quo
1012 3893 1220 3988 major
1238 3887 1329 3961 est
1351 3888 1571 3962 subitis
1588 3903 1824 3961 terror.
1873 3894 2103 3987 ltaque
2120 3892 2446 3989 praevertit
2467 3889 2846 3990 Hispanos3

660 3982 771 4056 sed
788 3983 910 4054 levi
929 4008 1126 4066 noxa.
1174 3983 1464 4056 Modico
1480 3982 1918 4057 intercedente
1932 3982 1973 4056 s
2038 3987 2136 4056 tio
2156 4038 2177 4072 ,
2197 3986 2430 4082 incipit
2451 4009 2489 4057 e
2512 4010 2735 4084 prora
2747 3989 2856 4082 ja-

660 4080 862 4156 culari
877 4076 1735 4180 Hemskerkius‚.statimque
1752 4010 2069 4180 imPaCffis
2089 4078 2257 4159 hosti
2264 4080 2455 4181 juxta
2465 4081 2854 4188 anchoram

1798 2193 2046 2266 demus.
2094 2200 2260 2267 Haec
2298 2194 2408 2267 ille
2440 2194 2665 2265 dicens
2685 2216 2810 2263 non
