2900 4628
551 125 686 189 262
969 110 1634 187 chole‘s
1752 105 2283 186 GROTU

269 222 476 313 1596·
501 244 516 253 ”
557 220 602 307 li
620 226 941 326 quievere.
1007 230 1194 323 Qin
1233 233 1306 297 δε
1331 225 1665 299 Bulionius
1699 224 1970 297 domum
1989 224 2314 314 reversu'S,=
2363 230 2729 324 iterumque

271 340 502 419 Proemffae
566 325 923 397 mittendus
945 329 1009 394 in
1034 323 1336 420 Angliam
1354 319 1646 392 feriendo
1663 317 2111 406 foederi,totos
2131 341 2268 393 tres
2287 324 2535 393 menses
2555 323 2731 392 deti-

235 416 501 543 {boedm‘b
575 418 870 490 uebatur.
944 418 1228 490 lnduciae
1241 436 1510 512 quoque
1538 414 1746 486 Caleti
1770 418 2216 511 Bononiaeque
2236 420 2404 486 inter
2438 414 2730 512 praefidia

274 492 545 613 ‚‚H‚=gm;„,0„
577 530 1037 587 convenerant.
1123 514 1290 581 Haee
1323 508 1493 581 Galli
1529 511 1617 579 ita
1670 507 2090 581 excusabant:
2139 515 2491 580 exercitum
2535 509 2730 581 educi

244 628 532 689 μάκαρ.
580 631 720 677 non
768 602 1042 701 potuiss‘e
1069 656 1091 689 ,
1136 603 1323 699 quod
1345 607 1417 671 δε
1440 602 1689 678 Gallica
1722 601 2023 673 nobilitas
2072 602 2279 674 meffis
2313 624 2612 700 tempore
2642 602 2733 674 ab

579 701 775 771 armis
803 721 1021 771 vacare
1057 692 1411 767 confixesset
1433 749 1457 781 ‚
1509 700 1582 765 &
1602 700 1895 790 proxima
1935 696 2275 792 Belgarum
2294 696 2530 769 finibus
2555 698 2735 794 peste

578 792 1007 866 vastarentur:
1048 790 1288 861 foederi
1311 811 1562 858 moram
1581 786 1894 860 acceffiffe
1916 843 1937 876 ‚
1970 790 2125 861 dum
2150 815 2266 889 per
2283 792 2555 863 cunaos
2573 789 2735 864 Gal·-

577 886 682 957 11ae
711 884 957 956 {enatus
995 880 1448 955 circumfertur
1483 882 1887 954 deliberatio.
1954 884 2249 955 Indueias
2270 911 2426 958 mox
2454 884 2738 981 abrupe-

293 1017 554 1075 ,Μ
584 1004 680 1052 re.
755 979 909 1050 Plus
928 980 1179 1049 Batavis
1217 1001 1366 1047 cum
1506 979 1607 1046 ina
1631 976 1883 1073 Angliae
1917 983 2209 1074 negotii,
2257 981 2544 1077 quaejam
2562 980 2735 1051 duos

252 1088 440 1174 'quoqegf
465 1088 704 1174 imper
732 1096 936 1146 annos
952 1074 1153 1144 veniri
1195 1067 1279 1140 ad
1301 1068 1436 1140 calc
1505 1094 1584 1141 os
1608 1076 1682 1141 &
1715 1093 1799 1140 aes
1818 1069 1993 1142 suum
2031 1073 2145 1145 fibi
2181 1071 2467 1171 dependi
2505 1072 2732 1180 postu-

329 1177 430 1242 ‘om
449 1176 570 1219 W·
592 1171 762 1241 labat
810 1191 830 1237 :
882 1190 1016 1238 non
1038 1164 1166 1237 fine
1203 1161 1413 1261 specie
1444 1165 1868 1235 aemulationis
1907 1188 2281 1237 enumerans
2300 1168 2450 1241 belli
2475 1166 2736 1240 'luccess

259 1319 317 1356 as
327 1230 562 1374 ssshgh
592 1261 694 1334 sus
717 1316 738 1350 ‚
785 1265 859 1332 &
879 1258 980 1356 sup
992 1260 1176 1331 erbas
1193 1259 1448 1329 urbium
1468 1257 1805 1329 struQuras
1823 1312 1847 1346 ,
1867 1257 2132 1355 suasque
2153 1280 2382 1332 contra
2399 1259 2735 1336 necestita-

256 1371 494 1445 tempests·-
591 1377 691 1429 tes
712 1408 734 1443 ‚
779 1378 941 1450 quas
961 1378 1096 1424 non
1214 1355 1454 1449 rpetuis
1489 1351 1896 1423 metallorum
1933 1358 2111 1425 venis
2133 1408 2156 1441 ,
2201 1353 2422 1450 quales
2439 1351 2735 1451 Hispano

260 1443 381 1498 Μ
403 1457 526 1520 '‘P‘-
592 1468 941 1549 proventus
968 1500 989 1532 ,
1037 1443 1098 1518 se
1161 1444 1290 1517 sola
1311 1449 1544 1517 civium
1566 1446 1963 1543 benignitate
1981 1446 2221 1546 expleri
2261 1475 2285 1521 ε
2324 1454 2398 1519 &
2422 1447 2738 1522 Hiberni-

261 1528 409 1575 ’Μ’
566 1569 703 1615 -cus
732 1540 1043 1612 tumultus
1061 1561 1133 1611 ut
1149 1538 1575 1637 corrogandae
1592 1539 1775 1611 domi
1801 1594 1822 1625 ,
1869 1543 1959 1611 ita
1977 1539 2137 1612 foris
2159 1542 2515 1642 relegendae
2533 1558 2737 1640 pecu-

567 1642 709 1709 -niae
751 1633 1297 1734 praescribebatur.
1371 1635 1625 1704 Contra
1670 1635 1984 1706 Proceres
2019 1653 2168 1706 cum
2191 1635 2564 1731 praefatione
2583 1658 2737 1732 gra-

580 1735 812 1801 tiarum
841 1782 863 1814 ‚
915 1750 988 1799 ut
1024 1727 1256 1799 foederi
1280 1727 1547 1799 staretur
1569 1748 1901 1800 oraverant
1936 1751 1957 1797 ε
2003 1729 2334 1825 conquesti
2355 1728 2734 1827 perbrevem

479 1858 486 1861 “
580 1820 759 1895 u'sum
797 1820 980 1894 fuisse
1000 1846 1227 1894 eorum
1254 1877 1274 1909 ,
1323 1845 1471 1920 quae
1492 1820 1887 1891 duodecimo
1902 1842 2053 1893 ante
2073 1847 2248 1894 anno
2265 1819 2730 1896 convenerant:

577 1944 706 1993 nec
737 1913 912 1995 en'im
936 1919 1191 2014 paritum
1212 1916 1296 1987 ad
1328 1939 1663 1989 numerum
1683 1914 1959 2012 praestari
1993 1916 2266 1988 militem
2305 1939 2324 1986 ε
2372 1916 2586 1994 undei
2635 1915 2685 1989 fi
2706 1969 2736 2004 ,

579 2016 696 2109 qui
718 2066 740 2099 ‚
794 2031 866 2082 ut
886 2016 1259 2108 neutiquam
1279 2000 1474 2081 dubia
1498 2008 1630 2079 fide
1653 2062 1672 2094 ‚
1715 2006 2017 2108 ambigua
2035 2031 2192 2082 tunc
2213 2009 2475 2082 confilia
2492 2006 2579 2079 ad
2590 1940 2739 2083 bel-

579 2106 719 2177 lum
754 2103 1149 2177 inclinaffent
1173 2157 1194 2189 ,
1241 2127 1411 2179 uunc
1431 2108 1686 2175 incerto
1722 2106 1951 2174 virium
1989 2104 2072 2174 ad
2090 2107 2308 2176 irritos
2344 2122 2613 2177 conatus
2630 2124 2739 2174 to-

581 2204 705 2271 ties
748 2198 1224 2272 revolverentur
1269 2223 1291 2267 :
1332 2221 1475 2294 quo
1505 2196 2006 2293 ‘mtempestivius
2042 2201 2109 2271 iu
2153 2198 2374 2268 medio
2402 2219 2733 2268 armorum

581 2292 740 2365 aestu
757 2292 826 2394 i‚d
844 2288 881 2362 a
899 2292 961 2365 se
976 2295 1148 2391 exigi
1169 2345 1190 2378 ,
1289 2292 1421 2362 uod
1444 2314 1602 2388 pace
1627 2290 1887 2363 demum
1907 2288 2183 2364 firmata·
2198 2316 2281 2363 ex
2297 2293 2735 2364 conventione

583 2385 808 2457 deberi
829 2391 1166 2484 inciperet.
1221 2314 1466 2481 §eque
1481 2409 1636 2456 vero
1661 2388 1749 2454 ita
1767 2406 2041 2456 mutatas
2063 2410 2166 2457 res
2185 2439 2206 2473 ‚
2233 2408 2305 2456 ut
2320 2409 2457 2457 uon
2478 2383 2738 2455 misera-

583 2483 768 2552 tione
805 2479 1004 2550 effent
1027 2533 1047 2565 ,
1097 2501 1293 2575 quam
1309 2478 1544 2550 invidia
1565 2531 1585 2565 ‚
1634 2478 2010 2575 digniores:
2060 2504 2206 2551 nam
2224 2502 2406 2551 exeo
2427 2534 2450 2566 ,
2499 2499 2737 2576 praeter
2788 2523 2811 2560 ,-

582 2572 923 2670 opulentas
942 2571 1303 2645 Brabantiae
1319 2573 1509 2644 urbes
1529 2624 1551 2660 ,
1585 2573 1802 2643 amissa
1821 2574 1901 2642 ad
1920 2569 2172 2644 Mosam
2190 2574 2533 2671 oppida&
2597 2572 2736 2644 uod
2770 2581 2779 2590 “

584 2690 722 2738 otae
744 2669 795 2737 F
796 2667 1094 2739 landricae
1113 2666 1525 2763 vectigalibus
1542 2684 1710 2735 terra
1731 2670 2020 2763 marique
2036 2687 2434 2765 oportunum
2472 2663 2561 2737 fia·
2618 2686 2685 2736 et
2708 2689 2730 2742 ε

495 2779 498 2786 ·
585 2779 731 2830 tum
747 2762 962 2831 au&as
983 2764 1393 2860 erogationes
1417 2762 1612 2831 etiam
1633 2759 1954 2831 vincendo
1972 2759 2166 2834 tuend
2265 2785 2371 2832 ue.
2440 2764 2596 2832 Nec
2620 2783 2739 2856 pa-
2814 2775 2821 2780 ’

463 2888 471 2896 ’
587 2877 735 2926 rum
759 2907 779 2939 ,
816 2854 963 2953 post
982 2853 1305 2951 depulsam
1320 2858 1643 2926 Britannia
1669 2852 2077 2950 Hispanicam
2098 2855 2196 2927 cla
2247 2878 2354 2927 em
2374 2910 2395 2942 ,
2439 2874 2547 2927 tot
2566 2845 2734 2926 n'au-

588 2951 743 3019 ticis
762 2950 1130 3045 Anglorum
1162 2947 1686 3045 expeditionibus
1704 2946 2055 3044 impensum
2073 2979 2099 3035 3
2132 2948 2557 3046 juvandaeque
2572 2947 2737 3023 Gal-

590 3041 697 3113 11ae
721 3096 741 3126 ‚
786 3066 927 3125 non
972 3042 1102 3113 alio
1148 3042 1360 3114 studio
1386 3094 1408 3129 ‚
1455 3063 1651 3136 quam
1699 3063 1769 3110 ut
1815 3043 2053 3135 bellum
2097 3040 2615 3152 propulsaretur,
2658 3046 2740 3113 δε

593 3140 834 3208 amotis
866 3136 1056 3206 litore
1104 3135 1392 3210 hostibus
1428 3139 1626 3205 maria
1667 3136 2091 3231 patescerentss,
2158 3140 2283 3208 His
2330 3136 2739 3210 addebantur

596 3227 928 3328 naufragia
948 3286 969 3313 ‚
1017 3251 1208 3305 naves
1229 3230 1506 3301 detentae
1522 3247 1633 3301 aut
1662 3245 1866 3325 captae
1889 3284 1910 3316 ,
1954 3233 2126 3325 rupti
2159 3252 2464 3330 aggeres,
2510 3233 2740 3327 quoti-

595 3325 786 3395 diana
808 3324 966 3396 mala
1000 3347 1124 3422 pro
1145 3322 1538 3399 infortuniis.
1604 3323 2049 3421 Disceptatum
2078 3320 2260 3420 super
2278 3324 2405 3395 hoc
2426 3325 2739 3421 aliquam-

598 3419 711 3489 diu
729 3443 877 3493 cum
898 3419 1175 3490 Bodleio
1200 3472 1221 3505 ‚
1318 3421 1497 3487 uires
1525 3415 1910 3511 Anglieanas
1939 3415 2112 3512 apud
2129 3421 2400 3490 Batavos
2425 3416 2690 3490 curabat
2709 3450 2738 3504 3

598 3508 707 3583 sed
746 3513 971 3584 durior
994 3511 1196 3584 indies
1234 3441 1593 3584 elisabetha
1631 3513 1907 3606 primum
1943 3509 2329 3606 prolatando
2352 3565 2372 3599 ‚
2418 3512 2569 3584 dein
2588 3510 2740 3582 mil?-

599 3603 678 3677 fis
713 3608 926 3679 itineri
963 3606 1292 3678 Gaditano
1325 3603 1628 3700 suppetiis
1660 3603 1923 3684 delinita
1961 3604 2073 3677 est.
2143 3604 2512 3678 Consumto
2548 3605 2736 3698 hujus

346 3739 358 3752 ,
462 3786 465 3789 q
599 3695 754 3768 obse
806 3703 892 3768 uii
911 3696 1121 3767 fructu
1139 3698 1335 3771 rediit
1354 3719 1675 3768 certamen
1702 3728 1741 3794 ς,
1770 3702 1847 3769 &
1877 3695 2074 3773 miffis
2098 3705 2165 3772 in
2184 3699 2489 3796 Angliam
2508 3699 2739 3799 legatis

596 3792 790 3863 Sebal
822 3797 972 3862 iano
1003 3792 1187 3862 Losae
1225 3843 1247 3876 ,
1293 3793 1541 3863 Iacobo
1576 3789 1811 3863 Valkio
1858 3797 1936 3862 &
1979 3793 2171 3869 Abeli
2206 3793 2602 3889 Fraoqueuae
2635 3814 2741 3864 re«.-

596 3880 859 3980 spondit
882 3888 1133 3989 Regina
1156 3938 1177 3971 ‚
1228 3909 1359 3955 non
1377 3909 1519 3955 eam
1535 3883 1804 3956 foederis
1825 3885 2199 3980 senteutiam
2216 3941 2238 3973 ,
2264 3907 2337 3958 ut
2354 3892 2575 3962 *Batavi
2595 3886 2737 3960 bel-

593 3979 727 4054 lam
768 3975 928 4070 fibi,
969 3983 1213 4061 lumtus
1246 3976 1387 4051 aliis
1405 3978 1539 4052 fine
1568 3978 1774 4056 modo
1801 4002 1881 4052 ac
1905 3980 2038 4066 fine
2058 4003 2519 4091 prorogarem.
2601 3978 2732 4061 sod

2496 4097 2723 4174 imm
