2900 4628
615 216 749 292 43²
1039 151 2362 282 HvGoNrsonoTrt

342 341 376 390 r
389 319 520 417 603
533 371 552 391 .
611 317 771 386 ceni
791 313 1107 411 genitoris
1128 315 1164 397 ,'
1187 310 1387 384 multa
1406 306 1686 382 hostium
1704 309 1991 381 convitia
2029 327 2057 373 ε.
2095 328 2255 408 mox
2275 304 2654 381 dominante
2668 302 2776 380 11³⁴

609 431 788 494 rore,
805 406 935 505 ipsa
956 409 1196 477 carceri
1211 407 1420 475 manci
1427 424 1724 501 pata,nec
1744 402 1884 476 leve
1895 399 2150 473 excello
2164 405 2386 471 animo
2400 401 2769 501 onus,quod

612 503 926 598 Philippo
947 497 1400 599 Hispaniarum
1419 502 1558 597 regi
1577 553 1598 587 ‚
1616 509 1766 571 cuin
1787 519 1926 594 quo
1948 495 2148 592 longa
2171 517 2330 565 mox
2350 497 2471 593 ipfi
2488 498 2675 584 bella,
2692 500 2771 571 li-

609 597 930 686 bertatem
954 648 976 682 ,
1020 595 1065 666 fi
1085 619 1220 666 non
1244 599 1320 666 &
1345 598 1543 665 vitam
1564 647 1585 680 ‚
1628 589 1933 664 debebat.
2003 589 2372 661 Cruentum
2389 614 2658 691 quoque
2672 616 2769 663 re·
2814 659 2822 667 .

607 714 813 790 gnum
846 711 953 762 tot
971 712 1314 787 procerum
1334 713 1461 787 pro
1485 690 1786 758 Romana
1805 685 2122 782 religione
2143 685 2555 767 tendentium
2573 688 2772 759 caede:

609 806 754 855 tum
795 785 952 858 illud
984 810 1120 857 non
1159 786 1371 854 minus
1413 796 1661 855 'novum
1687 804 1886 878 quam
1928 781 2195 850 invisum
2234 781 2500 878 regibus
2536 784 2777 856 cunctis

608 880 978 977 exemplum
1000 934 1021 967 ‚
1047 882 1124 956 ὃ(
1145 902 1226 950 ne
1245 876 1370 976 ipia
1393 874 1664 974 quidem
1687 872 2047 969 necestitate
2067 872 2215 944 satis
2235 876 2607 949 excusatum
2628 932 2649 965 ‚
2666 871 2785 950 oc-⁸

476 1029 482 1038 .
612 971 736 1045 ciffi
754 974 1045 1060 foeminae
1062 978 1345 1071 imperio
1364 970 1662 1066 foemina,
1688 977 1764 1043 δε
1785 972 2180 1068 cognata,&
2200 967 2495 1065 supplex,
2508 976 2601 1043 '&
2619 977 2780 1071 regi-

591 1092 721 1139 na.
771 1057 927 1140 'Iam
965 1072 1039 1139 δε
1062 1057 1368 1141 divulsam'
1396 1067 1782 1139 Hiberniam
1808 1119 1831 1152 ,
1883 1069 1960 1135 &
1982 1065 2050 1135 in
2070 1065 2321 1135 Batavis
2342 1067 2544 1165 Angli
2569 1070 2781 1141 militis

613 1160 958 1234 seditiones
983 1216 1004 1248 ,
1025 1162 1195 1235 velut
1206 1161 1430 1259 jussas,-
1449 1182 1632 1233 erant
1647 1164 1762 1259 qui
1782 1157 2273 1258 exprobrarent.
2327 1161 2486 1250 Pars
2507 1161 2652 1233 sane
2666 1168 2781 1233 mi·

591 1323 594 1328 .
615 1253 918 1328 seriarum
937 1254 1058 1327 fixit
1078 1310 1098 1344 ‚
1125 1255 1376 1328 tantum
1398 1260 1516 1329 aevi
1537 1255 1666 1329 sine
1686 1257 2033 1353 conjugio,
2058 1254 2208 1324 hinc
2234 1258 2525 1327 incertus
2543 1258 2736 1328 baeres
2756 1282 2780 1330 τ

620 1357 697 1421 δε
720 1375 1054 1422 rumorum
1074 1356 1339 1440 materia
1361 1351 1579 1422 multis
1597 1350 1799 1422 multa
1818 1403 1840 1438 ,
1883 1348 2203 1448 plerisque
2222 1350 2519 1423 Licestrii
2533 1376 2783 1425 amores

617 1439 1140 1543 objeiiantibus',
1184 1449 1261 1516 δε
1279 1444 1428 1556 post-
1444 1445 1622 1517 illum
1646 1443 1878 1517 Effexii
1905 1499 1926 1532 ‚
1948 1445 2129 1609 ugus
2142 1442 2545 1517 ferociorem
2574 1450 2786 1520 ‘uven-

618 1559 752 1610 tam
791 1537 866 1610 &
903 1537 1133 1611 formae
1173 1545 1243 1612 in
1279 1540 1411 1638 ipsa
1444 1538 1823 1632 senescentis
1862 1537 2027 1638 fasti¹
2052 1541 2184 1608 inm
2224 1540 2403 1613 caede
2418 1471 2784 1613 vind’icata':

620 1659 782 1706 mox
801 1632 1092 1706 animum
1109 1655 1183 1705 ut
1204 1658 1286 1706 ex
1311 1656 1534 1706 amore
1553 1640 1619 1706 in
1644 1635 1873 1706 odium
1897 1687 1917 1720 ,
1970 1637 2058 1703 ita
2081 1655 2163 1702 ex
2178 1631 2345 1704 odio
2373 1638 2437 1708 in
2462 1642 2797 1742 poeniten-

618 1735 777 1803 tiam
797 1725 1043 1802 versum
1067 1784 1090 1818 ,
1137 1753 1256 1803 nec
1275 1729 1463 1818 aliam
1480 1732 1685 1828 magis
1707 1729 1920 1800 morbi
1942 1739 2308 1824 mortisque
2330 1737 2615 1805 caulam.
2678 1736 2792 1804 Di-

618 1825 890 1898 cebatur
925 1845 1157 1897 contra
1178 1844 1500 1923 ,gratam
1538 1828 1695 1896 Deo
1728 1829 1802 1895 δε
1826 1828 1972 1896 vitae
1995 1827 2068 1892 &
2092 1825 2345 1919 imperii
2369 1825 2790 1899 diuturnitate

619 1920 895 1993 ostendi.
956 1909 1099 2016 Ipsa
1117 1943 1259 2017 quo
1309 1944 1389 1991 ue
1410 1924 1635 2017 primae
1656 1922 1858 1991 aetatis
1882 1915 2045 1988 mala
2063 1914 2358 2011 adjecisse
2381 1919 2791 2018 prudentiam

623 2020 705 2086 δε
725 2012 904 2087 usum
924 1944 1588 2112 utriusque‘loaetunae.
1636 2016 1791 2085 Nec
1807 2036 1941 2085 tam
1958 2016 2221 2100 mirum,
2251 2012 2573 2113 fialiquot
2592 2017 2790 2089 rebd-

619 2109 889 2183 lantium
911 2129 1128 2181 morte
1149 2166 1171 2193 ‚
1205 2109 1250 2182 fi
1265 2109 1449 2182 bellis
1470 2101 1738 2207 quoque
1754 2107 2023 2181 stabilita
2042 2103 2338 2179 stcurstas
2355 2168 2376 2195 ‚
2394 2134 2593 2209 quam
2605 2111 2787 2207 quod

621 2227 741 2302 per
757 2226 961 2280 annos
991 2203 1415 2302 quadraginta
1433 2225 1721 2301 quatuor
1742 2200 2055 2277 muliebre
2072 2224 2106 2269 r
2190 2226 2345 2274 num
2370 2261 2399 2289 ,
2434 2229 2565 2278 non
2584 2227 2789 2277 tutam

620 2320 874 2371 tantum
896 2354 920 2384 ,
951 2295 1059 2369 {ed
1083 2304 1158 2369 δε
1179 2291 1527 2371 florentem
1548 2302 1651 2370 An
1705 2298 1855 2370 liam
1878 2295 2138 2397 praestiti
2190 2319 2257 2368 et
2292 2320 2311 2367 ε
2361 2316 2478 2373 nec
2497 2299 2669 2373 nulla
2687 2326 2798 2372 ar-

619 2417 751 2476 ma,
771 2392 1241 2487 nifijustiffimis
1262 2392 1344 2464 de
1361 2393 1558 2466 caufis
1577 2452 1595 2478 ‚
1664 2412 1864 2464 umta.
1933 2395 2285 2488 Purgatam
2308 2399 2695 2495 religionem
2714 2397 2802 2471 ad

618 2487 906 2559 Eduardi
937 2492 1108 2585 regis
1127 2487 1495 2584 exemplum
1513 2546 1535 2574 ,
1579 2512 1701 2562 nec
1721 2492 1971 2587 impetu
1992 2499 2208 2558 tamen
2229 2511 2338 2560 aut
2357 2492 2639 2564 libidine
2655 2491 2801 2579 ,sed

618 2587 688 2671 in
720 2581 1007 2654 concilio
1027 2587 1241 2681 gentis
1259 2582 1619 2679 legitimum
1640 2588 1707 2656 iu
1733 2584 2006 2655 modum
2029 2605 2099 2653 re
2119 2580 2472 2683 disceptata
2490 2643 2512 2671 ,
2554 2613 2682 2660 nec
2702 2586 2804 2657 sae-

573 2712 586 2724 ·
619 2680 828 2759 vitum
849 2681 916 2747 in
933 2672 1187 2773 sequius
1206 2674 1576 2763 sentientes,
1595 2679 1711 2751 nifi
1732 2675 1905 2763 sero,
1924 2674 2265 2774 postquam
2287 2681 2539 2754 Iesuitis
2561 2683 2805 2756 όοᾶο-

591 2824 598 2831 -
618 2773 799 2859 ribus
835 2792 1129 2844 amorem
1157 2775 1385 2869 patriae
1416 2776 1503 2845 ,δε
1547 2798 1672 2844 una
1716 2776 1969 2871 imperii
2008 2780 2424 2846 reverentiam
2451 2776 2801 2861 exuissent,

571 2866 592 2891 ⁸
621 2868 915 2939 Scotiam
941 2892 977 2939 a
997 2865 1206 2940 Gallis
1225 2922 1245 2953 ‚
1270 2852 1554 2940 C'bndaei
1576 2888 1789 2966 partes
1806 2868 1889 2940 ab
1904 2866 2161 2940 adverla
2184 2866 2493 2953 factione,
2523 2875 2805 2946 multum

621 2960 906 3059 Belgicae
940 2962 1025 3034 ab
1046 2960 1344 3059 Hispanis
1364 2963 1555 3061 ipsius
1575 2988 1709 3061 ope
1727 2962 2047 3047 vindicata
2082 2987 2102 3033 t
2144 2966 2220 3031 &
2244 3020 2265 3049 ‚
2357 2973 2615 3057 uamvis
2639 2976 2808 3041 inter

620 3064 855 3154 magna
893 3055 1269 3152 proferendi
1309 3062 1572 3156 Imperii
1598 3063 2012 3130 invitamenta
2037 3113 2059 3141 ‚
2108 2989 2396 3131 maasiae
2412 3078 2809 3135 contentam

439 3114 460 3183 '
620 3149 738 3223 suo
757 3207 776 3239 ‚
804 3175 923 3223 nec
941 3152 1113 3223 aliud
1135 3152 1532 3239 exvietoria,
1553 3175 1747 3251 quam
1778 3153 2110 3250 religionis
2136 3156 2426 3251 probatae
2450 3159 2575 3228 fibi
2609 3161 2812 3231 liber-

617 3267 852 3332 tatem,
877 3253 955 3317 &
976 3246 1269 3344 suspe&ae
1286 3252 1522 3318 merito
1592 3254 1858 3320 otentiae
1887 3245 2158 3319 modum
2181 3253 2641 3347 concupivisse
2667 3280 2688 3324 ;
2726 3260 2806 3325 ita

624 3338 894 3438 possessa
910 3340 1154 3440 oppida
1173 3342 1400 3439 Galliae
1423 3273 1694 3426 reddita,
1711 3346 2000 3415 Scotiam
2023 3367 2227 3441 puero
2247 3344 2592 3433 servatam,
2618 3353 2807 3420 Bata·

622 3460 881 3531 trorum,
899 3460 968 3509 ut
985 3442 1328 3534 imperium
1354 3442 1674 3535 acciperet
1693 3442 2044 3525 orantium,
2066 3436 2329 3533 rejectas
2349 3466 2586 3538 preces
2607 3469 2628 3512 :
2650 3449 2807 3541 quin
2872 3498 2873 3501 ,

627 3532 703 3601 &
726 3555 947 3603 recens
973 3557 1092 3631 per
1113 3533 1494 3604 Hiberniam
1512 3537 1717 3631 captis
1741 3532 2387 3644 proefidiisyeteribus
2416 3591 2436 3622 ‚
2475 3544 2810 3612 novisim-

622 3632 912 3715 minutus
936 3683 955 3714 ‚
984 3653 1155 3698 nunc
1173 3628 1327 3711 hoc,
1351 3651 1521 3699 nunc
1538 3628 1655 3698 illo
1677 3652 2035 3725 primorum
2057 3629 2368 3714 abdu&o‚
2392 3631 2808 3704 debilitatam

621 3721 974 3794 factionem
997 3777 1019 3809 ‚
1046 3720 1374 3819 ipsamque
1399 3728 1679 3820 partium
1705 3727 1836 3796 vim
1863 3748 1939 3794 ac
1959 3722 2232 3820 speciem
2251 3728 2597 3797 Tironum
2622 3752 2811 3801 eousa

622 3839 753 3912 que
773 3817 1212 3900 infraetum,ut
1231 3824 1297 3889 in
1311 3842 1521 3916 genua
1546 3822 1928 3917 provolutus
1950 3817 2328 3917 praefe&um
2343 3827 2609 3894 veniam
2624 3845 2803 3895 com-

527 3958 532 3961 ·
623 3912 956 3984 mifforum
999 3910 1374 4009 exposceret
1407 3937 1425 3982 t
1476 3916 1571 4008 (is
1595 3939 1874 4012 namque
1889 3920 1951 3986 ei
1974 3913 2298 3986 honorum
2316 3918 2628 3989 cumulus
2655 3941 2807 4016 pau·

621 4009 693 4080 lo
713 4033 860 4083 ante
883 4012 1148 4080 exitium
1170 4011 1525 4106 evenerat.)
1567 4007 1989 4082 Sollicitatam
2008 4009 2091 4081 ad
2108 4014 2369 4107 nuptias
2393 4038 2530 4084 non
2549 4015 2646 4086 ab
2670 4018 2810 4082 An-

617 4105 742 4204 glis
772 4124 1019 4178 tantum
1040 4150 1062 4190 ,
1082 4101 1189 4173 sed
1208 4130 1245 4177 a
1273 4100 1531 4175 Carolo‘
1552 4104 1890 4179 Austriaco
1911 4110 2330 4201 Imperatoris
2351 4162 2372 4197 ‚
2395 4110 2712 4180 Henrico
2735 4112 2809 4175 δε

2600 4206 2810 4274 Pran-
