2900 4628
483 132 1518 203 Hl-STORIARVM
1615 133 1868 204 Ltn.
1943 135 2075 204 vt.
2174 150 2375 226 ·295

182 241 329 316 &e
364 242 524 319 duas
570 243 749 321 urbis
791 268 824 314 r
915 245 1094 314 ‘ones
1144 240 1439 315 includit.
1516 244 1900 342 octingenti
1930 243 2163 315 milites
2183 244 2371 318 insta·
2441 254 2658 344 1597.

187 332 385 417 bant
401 342 589 436 operi
614 393 634 427 ,
674 265 960 438 quoseffis
984 334 1158 406 mille
1175 340 1400 421 armati
1417 337 1783 409 tuebantur.
1855 339 2157 407 Proxima
2177 340 2374 409 nocte
2641 340 2651 359 ³

188 432 526 527 regiones
560 435 719 506 duas
763 431 991 503 alteras
1034 433 1173 527 pari
1211 428 1544 515 sedulitate
1595 435 2017 505 circumvenit
2055 462 2079 516 3
2146 429 2374 504 diebus

189 521 475 599 firmata
495 552 698 627 opera
743 550 763 593 ε
801 525 954 597 inde
986 521 1194 596 versus
1222 522 1546 621 oppidum
1587 548 1700 620 per
1734 522 2050 596 anfractus
2081 528 2180 596 via
2219 523 2383 596 stin&

192 615 517 693 debatur.
583 624 764 717 Qae
782 618 937 690 dum
953 617 1123 691 fiunt
1146 671 1168 704 ‚
1200 621 1275 688 &
1295 640 1454 688 mox
1471 623 1656 712 aquis
1669 616 1962 689 deduffis
1982 670 2004 705 ,
2024 636 2182 712 quas
2201 617 2377 689 clau·

197 709 352 782 stra
371 720 860 800 continuerant,
907 708 1153 784 sossaeo
1206 712 1342 808 pidi
1380 712 1610 782 humus
1630 708 2167 810 ffiperingeriture
2207 711 2380 785 haud

197 803 526 879 destitere
556 806 785 880 obsteffi
819 803 1107 879 recusare
1160 802 1547 883 ,editionem
1573 858 1596 893 ,
1641 830 1718 878 ac
1755 807 2101 877 tormentis
2134 802 2197 876 se
2218 805 2382 877 ulci-
2444 820 2451 829 '

194 898 332 975 sti.
407 902 608 987 Simul
625 921 1007 1000 proruptum
1022 899 1364 996 afiquoties
1383 951 1405 986 ,
1450 899 1665 971 donec
1686 924 1723 971 a
1743 900 2148 971 machinariis
2188 901 2391 970 Mau--

184 996 472 1066 titianis
507 997 720 1090 injeffl
739 996 1045 1093 oppidoi
1138 1016 1207 1064 es
1236 1046 1258 1080 ,
1302 992 1531 1065 &late
1565 995 1733 1107 pasti
1772 993 2096 1092 sexaginta
2141 990 2389 1085 aediumf

203 1088 535 1160 incendio
575 1089 659 1160 ad
691 1113 904 1161 curam
930 1086 993 1159 se
1052 1111 1261 1183 uaque
1296 1085 1580 1160 servandi
1615 1088 1699 1161 ab
1740 1111 2020 1187 operum
2043 1089 2385 1185 impugna-‘

200 1186 406 1255 tione
441 1203 900 1255 converterunt
936 1207 954 1255 ε
996 1206 1118 1255 nec
1157 1202 1373 1254 tamen
1401 1179 1835 1268 deficiebant,
1884 1203 2253 1278 quanquam
2277 1183 2384 1251 in-'

206 1293 319 1347 tus
339 1275 711 1348 flammis&
732 1276 1139 1363 vulneribus,
1188 1295 1365 1347 extra
1399 1274 1549 1346 mali
1569 1280 1889 1376 incogniti
1908 1295 2083 1346 metu
2125 1280 2381 1371 gravius

207 1370 759 1443 conflictabantur
778 1393 823 1439 ⁷:
863 1376 1204 1443 interiores
1228 1392 1498 1466 quoque
1520 1392 1786 1472 aggeres
1806 1424 1828 1459 ,
1925 1393 2013 1440 uo
2033 1367 2092 1444 se
2115 1380 2381 1440 meren:

186 1480 364 1552 -tur,
416 1463 464 1537 fi
498 1465 797 1562 praejedh
812 1463 1142 1548 fallerent,
1186 1463 1445 1536 duobus
1469 1464 1637 1535 locis
1655 1464 1806 1537 orfi.
1925 1462 2009 1535 ed
2029 1463 2376 1564 postquam

205 1561 411 1631 vineae
433 1555 494 1631 se
543 1581 677 1632 tem
701 1558 782 1630 ad
799 1559 1027 1657 oppidi
1050 1555 1484 1657 processerant
1504 1562 1901 1631 munitiones
1926 1612 1948 1645 ‚
1988 1580 2149 1656 quas
2168 1611 2191 1647 ,
2229 1554 2377 1628 iub-

196 1651 382 1748 je&o
418 1677 504 1749 pu
528 1675 677 1726 vere
698 1707 720 1739 ‚
776 1657 853 1725 δε
889 1650 1162 1750 desuper
1186 1656 1530 1724 tormentis
1565 1655 1794 1748 viginti
1833 1672 2115 1748 quatuor
2137 1704 2160 1738 ,
2207 1674 2369 1721 con-

204 1746 354 1820 velli
388 1750 704 1844 Princeps
735 1746 1008 1841 jubebat
1051 1799 1074 1832 ‚
1142 1765 1214 1815 ut
1234 1743 1520 1841 undique
1642 1745 1927 1817 tentibus
1964 1743 2365 1829 incurlaret3

201 1840 428 1913 oblata
446 1846 673 1925 venia,
723 1860 1141 1937 acceptaque.
1236 1844 1300 1910 Is
1334 1859 1472 1909 erat
1505 1862 1549 1909 o
1601 1838 1738 1912 fidii
1772 1840 1911 1917 dies
1943 1838 2245 1936 septimus
2287 1841 2365 1911 δε
2402 1846 2700 1923 'Gr-oua&

198 1933 525 2008 decimus.
597 1938 890 2028 Datiqui
927 1933 1320 2004 deducerent
1356 1955 1509 2003 cum
1545 1938 1732 2027 equis
1771 1932 2093 2030 lignisque
2115 1932 2376 2004 abeun-’
2397 1923 2532 1984 ⁴²5⁰·

199 2046 351 2098 tes:
402 2032 476 2099 &
498 2030 688 2125 aegris
707 2050 928 2097 currus
966 2050 1041 2097 ac
1061 2030 1309 2124 navigia
1346 2050 1367 2096 t
1418 2025 1525 2097 sed
1548 2028 1653 2099 lex
1676 2027 2011 2123 impofita,
2046 2047 2172 2097 tres
2196 2029 2361 2096 intra
2661 2106 2664 2111 ,

198 2119 457 2197 menses
482 2124 577 2191 cis
612 2118 854 2192 flumen
877 2120 1135 2191 Mosam
1176 2142 1347 2191 arma
1368 2144 1450 2192 ne
1484 2118 1752 2192 ferrent.
1825 2124 2118 2192 Duarum
2156 2119 2382 2192 ferme'

200 2216 517 2290 horarum
554 2219 781 2286 itinere
819 2214 1046 2288 Grolla
1085 2212 1456 2285 Brefiartum
1488 2214 1677 2285 distat
1700 2268 1722 2301 ‚
1768 2212 2036 2286 ditionis
2067 2214 2354 2311 ejusdem
2422 2197 2641 2329 ''ff'‘

204 2330 399 2383 tenue
433 2308 758 2407 oppidum
784 2364 804 2397 ‚
849 2307 959 2383 sed
994 2308 1194 2380 tutela
1228 2307 1360 2380 loci
1391 2316 1561 2381 inter
1589 2311 1794 2407 prima
1835 2334 1856 2379 ε
1905 2313 2151 2408 quippe
2191 2335 2353 2382 unus
2386 2269 2477 2416 'gp

207 2423 557 2503 perpetuus
588 2427 790 2501 agger
820 2406 1140 2501 oppidum
1174 2424 1460 2500 permeat
1489 2458 1511 2490 ,
1559 2427 1679 2475 nec
1716 2403 1875 2474 alius
1922 2426 2151 2502 praeter
2184 2406 2355 2477 hunc
2519 2416 2578 2477 ’.

105 2508 118 2519 “
204 2499 419 2570 aditus
444 2552 466 2586 ,
514 2517 773 2568 tenuem
814 2520 1048 2596 praeter
1084 2495 1397 2569 semitam.
1470 2498 1721 2569 Caetera
1746 2501 1990 2569 circum
2007 2498 2136 2570 late
2154 2497 2362 2596 {epse-

164 2663 177 2676 ,
205 2616 280 2668 re
296 2595 465 2665 invia
570 2588 792 2662 ludum
816 2597 891 2662 &
911 2591 1248 2688 vestigium
1265 2586 1614 2664 recusantia
1639 2599 1660 2678 ‘‚
1700 2613 1847 2687 quae
1864 2598 2234 2690 utquisque
2255 2616 2368 2664 ac·

205 2681 429 2771 nait,
475 2614 672 2758 geret
708 2686 921 2759 illuvie
967 2710 986 2756 ε
1036 2710 1172 2757 non
1216 2690 1339 2757 iter
1383 2687 1958 2787 oppugnantibuS,
2013 2711 2146 2758 non
2168 2685 2378 2760 castra'

202 2779 539 2853 mansuris-
595 2780 751 2850 Nec
782 2779 1023 2876 reliqua
1045 2775 1296 2876 segnius
1314 2778 1609 2876 provisa:
1648 2802 1869 2852 murus
1911 2785 2162 2879 antiqui
2202 2805 2367 2881 ope-

202 2877 293 2945 ris
331 2870 492 2945 foffa
526 2871 786 2969 praealta
819 2874 1200 2969 cingebatur
1222 2925 1248 2958 ‚
1293 2875 1566 2945 Martini
1608 2872 1929 2947 Roffemii
1950 2898 2121 2974 opus
2143 2929 2165 2962 ‚
2212 2899 2365 2952 cum

203 2967 631 3063 quadraginta
658 2986 808 3038 ante
839 2990 1043 3038 annos
1080 2966 1211 3038 illic
1246 2964 1519 3037 bellaret
1561 2989 1581 3035 ε
1624 2973 1899 3040 trecenti
1936 2973 2109 3042 intus
2129 2969 2368 3041 milites

254 3084 332 3132 ro
362 3060 636 3131 modico
675 3061 907 3158 oppidi
948 3058 1199 3131 ambitu
1232 3055 1379 3130 satis
1418 3058 1737 3156 placuere.
1809 3062 1941 3134 Sed
1974 3063 2097 3135 hos
2118 3068 2185 3133 in
2252 3087 2367 3132 τε·

231 3156 443 3227 εᾶιιω
468 3207 490 3240 ,
527 3158 634 3226 cui
659 3152 963 3228 Gardoto
984 3171 1498 3253 cognomentum
1523 3206 1545 3240 ,
1594 3154 2056 3254 &oppidanos
2074 3156 2138 3227 d·
2215 3155 2368 3229 dere

199 3273 429 3325 rumor
462 3246 796 3320 incesserat
817 3301 837 3335 ,
885 3271 1023 3344 quo
1044 3247 1257 3320 ma'or
1295 3251 1390 3319 vis
1406 3268 1677 3320 externo
1708 3253 1944 3322 terrori
1967 3249 2367 3346 sperabatur.

204 3342 401 3415 Haud
416 3354 647 3420 tamen
670 3342 874 3414 auditi
893 3345 1010 3439 qui
1046 3342 1090 3413 d
1176 3343 1454 3414 itionem
1488 3340 1864 3440 flagitabant
1884 3395 1905 3428 ,
1955 3351 2368 3443 praegravan-'

201 3456 268 3509 te
313 3435 604 3535 praefecti
649 3441 927 3534 imperio
952 3489 975 3524 ,
1021 3437 1127 3507 cui
1173 3459 1296 3533 pro
1331 3436 1525 3510 rebus
1572 3434 2208 3533 praelentibusetiam
2256 3443 2361 3512 ni·

202 3537 405 3609 mium
436 3534 635 3602 animi
671 3530 834 3617 suit,
886 3530 993 3603 seu
1028 3528 1267 3601 fiducia
1297 3531 1429 3602 loci
1463 3552 1693 3605 caetera
1729 3532 2093 3624 concordes
2123 3537 2187 3607 in
2225 3534 2367 3612 boc'

202 3622 664 3699 consenserant.
733 3625 1165 3720 Pertendente
1185 3625 1500 3697 Mauritio
1534 3631 1897 3700 commovit
1913 3628 2183 3701 militem
2207 3649 2354 3703 tan·-

207 3736 273 3787 ta
310 3717 545 3792 laboris
569 3717 812 3815 species
835 3724 981 3810 ,δε
1017 3722 1271 3818 gravius
1309 3717 1601 3802 adversus
1632 3722 1829 3797 vastas
1859 3722 2120 3822 paludes
2156 3738 2368 3823 quam'

205 3835 357 3888 cum
376 3812 552 3884 hoste
570 3827 895 3899 certamen
918 3871 940 3901 ,
980 3818 1273 3912 ignarum
1292 3818 1608 3904 maxime,
1701 3842 1823 3888 uos
1843 3823 2132 3917 gurgites
2151 3815 2373 3917 atque'

203 3911 543 4003 voragines
577 3908 769 3981 fallax
803 3909 922 3981 soli
954 3931 1177 3998 natura
1215 3910 1594 3982 occultaret.
1649 3841 1854 3982 (kam
1875 3918 1948 3984 &
1986 3936 2128 4009 quae
2149 3911 2370 3986 solida¹

199 4002 537 4108 quondam
559 4055 580 4096 ,
615 4003 813 4081 uvido
835 4025 987 4084 tunc
1009 4003 1207 4097 caelo,
1263 4008 1338 4076 &
1359 4009 1685 4100 continuis
1705 4005 2018 4092 imbribus
2037 4006 2366 4169 fluitgrffia
2455 4090 2460 4096 ⁸

834 4139 845 4144 ·
1171 4128 1200 4140 ··
1268 4104 1337 4173 Τ
1378 4124 1429 4197 4
1747 4131 1750 4132 ⁷
2216 4103 2237 4167 i
2291 4109 2361 4169 e-'
2399 4159 2407 4168 .
