2900 4628
648 158 1420 237 ANNALrvM
1528 171 1764 239 Ltss.
1847 178 1916 244 1..
2326 198 2368 267 ς

173 277 401 372 gione
434 271 848 362 creberrimae
880 273 1077 347 urbes
1116 328 1138 362 ,
1185 281 1580 375 munitaeque
1617 278 1701 354 ad
1731 303 1917 351 -mare
1961 284 2241 377 primum
2286 290 2366 356 δε

179 393 424 440 amnes
452 422 475 453 ,
603 365 740 436 ssim
781 367 1039 471 postem,
1082 392 1517 453 convenarum
1553 377 1625 442 δε
1661 373 1899 445 sobolis
1920 376 2355 450 multitudine.

180 467 295 534 lta
318 462 472 559 post
541 458 821 558 epulssm
847 459 1298 559 septentrionis
1315 466 1561 536 rabiem
1585 519 1606 552 ,
1629 467 1785 537 οᾶο
1851 493 1922 539 er
1945 464 2162 538 saecula
2183 494 2364 542 man-

170 558 319 628 sere
366 561 657 627 externis
694 561 890 629 armis
947 557 1166 627 ἰηνίἃί
1191 558 1616 656 &indirepti.
1672 564 1765 630 At
1856 559 2101 657 ispaniae
2122 615 2144 648 ,
2190 556 2362 660 post-

174 674 393 747 quam
427 648 547 721 sub
579 649 838 722 diversis
873 650 1225 722 vi&oribus
1261 654 1535 722 multum
1572 654 1656 723 de
1676 678 1906 724 eorum
1925 653 2212 725 moribus
2233 676 2384 747 tra--

168 767 372 816 xerat
397 799 420 830 ‚
446 745 713 816 tandem
732 744 813 813 ad
836 743 1103 817 Gothos
1132 741 1430 841 posseffio
1448 746 1641 818 rediit
1667 780 1688 831 3
1729 771 1902 844 quos
1926 802 1946 833 ,
1986 770 2070 818 ex
2084 770 2219 842 quo
2237 755 2364 822 ori·

227 844 243 854 '
304 843 363 909 is
404 834 708 932 sedisque
747 835 1124 908 miscuerant
1164 843 1418 936 ingenia
1444 894 1464 926 ,
1514 839 1706 912 nobis
1732 838 1919 939 prisci
1947 845 2231 935 novique
2252 869 2365 914 au·-

173 862 410 1003 ggres
444 930 823 1003 describunt
842 985 864 1015 ,
896 938 1094 1003 animi
1114 931 1402 1006 adversus
1424 934 1677 1005 labores
1699 941 1772 1005 δε
1802 934 2085 1030 pericula
2106 938 2321 1007 inviffi
2341 994 2365 1022 ,

176 1025 469 1098 dubium
557 1025 741 1096 loriae
775 1050 856 1095 an
892 1050 1098 1122 opum
1138 1027 1453 1099 avidiores
1483 1084 1502 1114 ‚
1552 1024 1745 1124 usque
1774 1031 1856 1099 ad
1895 1028 2174 1100 aliorum
2200 1052 2364 1101 con-

173 1139 470 1191 temtum
528 1119 816 1217 uperbos
834 1172 855 1205 ,
883 1117 1207 1191 sacrorum
1230 1122 1496 1215 quidem
1515 1121 2033 1208 venerabundos,
2065 1126 2139 1191 δε
2164 1122 2366 1194 bene·

176 1214 355 1285 ficiis
390 1214 573 1285 haud
616 1211 859 1289 infidos
884 1267 904 1299 ,
938 1196 1059 1283 Ted
1101 1214 1346 1285 ultione
1385 1215 1553 1286 adeo
1595 1213 2046 1313 flagrantes&
2091 1216 2363 1288 victoria
2413 1256 2420 1265 ·

176 1303 431 1380 efferos
459 1361 483 1393 ‚
528 1312 689 1378 utin
711 1305 960 1378 hostem
980 1306 1143 1379 nihil
1167 1328 1357 1405 turpe
1377 1308 1454 1379 fit
1477 1362 1497 1395 ,
1534 1310 1689 1380 nihil
1712 1310 2027 1380 illicitum.
2078 1310 2362 1383 Adversa

179 1401 319 1473 haec
356 1401 589 1497 Belgis
611 1454 634 1487 ,
665 1404 846 1497 genti
882 1405 1263 1473 innocenter
1282 1401 1522 1473 callidae
1541 1434 1564 1488 3
1612 1424 1916 1474 caeterum
1943 1407 2358 1477 Germaniam

188 1499 351 1566 inter
374 1501 454 1566 ἃ.
481 1494 766 1569 Galliam
788 1548 808 1581 ,
835 1515 906 1564 ut
927 1493 1135 1592 pofitu
1160 1492 1330 1579 loci,
1350 1500 1436 1565 ita
1457 1497 1746 1567 moribus
1765 1516 2132 1593 temperatae
2157 1529 2182 1583 3
2220 1524 2355 1572 non

188 1611 358 1661 extra
373 1588 735 1661 amborum
754 1592 905 1660 vitia
924 1642 944 1676 ‚
981 1613 1114 1659 non
1138 1587 1266 1660 fine
1286 1588 1655 1661 virtutibus.
1706 1594 1902 1662 Haud
1921 1589 2108 1662 facile
2131 1591 2308 1664 fallas
2330 1632 2352 1680 ,-

184 1683 351 1755 haud
388 1705 650 1755 temere
679 1681 956 1753 insultes.
1026 1686 1180 1754 Nec
1224 1682 1595 1753 divinorum
1634 1683 1815 1754 cultu
1855 1683 2151 1781 Hispanis
2194 1686 2356 1757 olim

180 1776 420 1848 ceffisse
438 1777 696 1849 indicio
717 1775 833 1862 est,
856 1774 1039 1871 quod
1058 1780 1413 1862 unanimes,
1440 1800 1523 1846 ex
1587 1802 1675 1846 uo
1700 1776 2030 1854 Christum
2053 1774 2238 1850 semel
2261 1785 2355 1852 in·

184 1873 461 1944 ductant
478 1929 502 1956 ,
553 1895 690 1941 non
712 1873 1254 1941 Normannorum
1273 1874 1468 1941 armis
1493 1800 1698 1943 adacti
1724 1923 1746 1958 ‚
1797 1890 1867 1941 ut
1896 1866 2354 1968 professionem

182 1986 557 2050 mutarent3
597 1990 733 2035 non
767 1963 899 2033 ullo
937 1963 1153 2034 infeffi
1175 1963 1485 2034 damnato
1505 1965 1770 2035 antehac
1791 1988 2052 2049 errore,
2103 1985 2354 2039 tantum

180 2063 412 2155 pietati
432 2057 991 2157 impenderunt,ut
1009 2056 1260 2129 necess‘e
1282 2055 1477 2128 fuerit
1496 2052 1819 2129 sacrorum
1843 2058 2141 2129 ministris
2163 2059 2354 2156 possi·

176 2152 391 2224 dendi
411 2155 683 2224 modum
701 2150 1130 2250 praescribere.
1169 2157 1245 2223 In
1267 2151 1621 2222 universum
1644 2156 1933 2248 utrisque
1958 2144 2212 2224 insitum
2233 2177 2352 2224 co-

175 2247 316 2319 lere
342 2251 702 2346 principes‚
723 2252 797 2317 &
816 2246 1156 2316 admirari:
1186 2243 1295 2317 sed
1319 2245 1535 2345 Belgae
1558 2246 1730 2341 leges
1751 2246 1930 2344 supra
1954 2266 2352 2345 putant,quo

177 2343 466 2418 obtentu
490 2340 656 2438 saepe
676 2341 1050 2412 turbatum.³
1100 2339 1438 2411 Castellani
1460 2345 1714 2439 regnari
1735 2360 1950 2411 amant
1973 2342 2304 2439 aliquanto
2325 2395 2346 2428 ,

180 2460 378 2534 quam
398 2435 730 2526 nonnullae
746 2432 1178 2531 Hispanorum
1245 2432 1876 2520 entes3addifflus3&
1901 2443 2352 2533 tamen‚quan-

181 2551 605 2625 tamcumque
663 2525 965 2624 usurpant
1000 2527 1116 2623 ipsi
1156 2526 1198 2597 li
1289 2549 1521 2599 rtatem
1564 2583 1586 2616 3
1635 2532 1699 2599 in
1736 2529 1872 2600 aliis
1908 2553 2044 2602 non
2083 2528 2340 2601 ferunt.

180 2625 560 2694 Maximum
594 2623 743 2694 hinc
778 2621 1128 2717 periculum
1154 2674 1173 2706 ,
1220 2622 1401 2717 quod
1421 2621 1612 2693 veluti
1633 2626 1699 2694 in
1718 2619 2134 2732 duoimperia
2150 2622 2345 2695 divisa
2461 2683 2468 2688 .

180 2723 560 2817 principum
604 2714 1030 2787 sollicitudine
1059 2767 1081 2800 ,
1134 2738 1256 2784 uec
1296 2715 1513 2812 Belgae
1543 2721 1748 2814 gratia
1772 2717 2162 2813 superiorem
2181 2716 2348 2787 ferre

179 2835 562 2909 quenquam
606 2830 949 2906 poterant,
996 2832 1115 2878 nec
1150 2810 1414 2906 Hispani
1435 2834 1677 2906 parem.
1754 2809 2025 2881 Cunctis
2054 2811 2196 2881 sane
2217 2835 2346 2920 po-

180 2904 383 3002 pulis,
409 2907 527 3001 qui
546 2903 923 2976 dominandi
943 2901 1214 2973 libidine
1230 2923 1531 3000 aguntur,
1553 2903 1661 2974 ubi
1688 2906 1891 3000 prima
1913 2900 2340 2992 successerint,

180 3004 565 3097 proximum
589 3049 610 3083 ‚
648 2996 846 3068 socias
869 3000 1161 3067 nationes
1185 2992 1325 3080 suas
1339 2993 1450 3067 sub
1471 2996 1919 3092 legesmhere
1940 3050 1960 3085 ,
2000 2995 2344 3094 praese&os

185 3100 257 3164 ἃ
292 3093 560 3191 judices
599 3090 753 3168 dare
780 3144 802 3176 ,
848 3093 1184 3185 imponere
1204 3088 1439 3160 tributa
1468 3144 1488 3175 ‚
1538 3112 1608 3160 ut
1643 3095 2086 3161 communium
2106 3094 2340 3163 virium

266 3211 388 3259 nes
410 3184 585 3280 ipsos
604 3183 746 3255 usus
765 3189 841 3254 &
862 3185 1198 3254 arbitrium
1223 3182 1318 3254 fit.
1382 3189 1483 3254 Ita
1503 3202 1641 3253 tum
1662 3182 1974 3281 Hispani,
2020 3182 2188 3255 soliti
2210 3190 2342 3254 Ita-

182 3212 586 3377 litamregere
609 3333 630 3363 ,
676 3283 1044 3348 Americam
1064 3276 1474 3372 perpopulati
1501 3330 1521 3362 ,
1570 3282 1635 3347 in
1660 3276 1888 3374 Belgas
1911 3330 1930 3362 ,
2019 3282 2079 3346 ui
2102 3281 2338 3375 princi·
2407 3269 2609 3348 Hispa&

184 3400 344 3472 pum
381 3371 767 3445 succeffione
787 3369 956 3443 velut
976 3393 1167 3466 aequo
1187 3369 1438 3440 foedere
1455 3372 1742 3440 coierant
1767 3423 1788 3455 ,
1824 3371 1974 3465 jusi
2023 3393 2131 3440 em
2155 3424 2174 3456 ,
2223 3393 2333 3452 aut
2362 3343 2665 3487 2332&

183 3465 437 3540 causam
479 3468 630 3538 belli
664 3464 1059 3562 quaerebant.
1125 3466 1369 3559 Neque
1403 3461 1779 3534 exciderant
1808 3467 2028 3532 animo
2064 3463 2333 3538 Adriani
2366 3478 2626 3549 uvam.

187 3563 531 3646 Florentii,
550 3565 664 3656 qui
686 3583 844 3629 mox
865 3558 1168 3630 Pontifex
1185 3560 1548 3646 Romanus,
1573 3555 1768 3629 fimai
1789 3556 2055 3653 quidem
2080 3562 2153 3627 δε
2179 3583 2336 3656 pro-

187 3656 251 3726 bi
275 3709 298 3742 ,
349 3652 462 3726 sed
500 3657 721 3726 Batavi
757 3673 968 3738 tamen
989 3705 1011 3739 ,
1060 3650 1370 3724 invidiosa
1410 3675 1528 3748 per
1554 3647 1925 3750 Hispaniam
1945 3651 2291 3724 auetoritas
2311 3684 2335 3741 3

187 3748 457 3821 Cro’iaci
474 3747 681 3820 fastus
708 3801 731 3834 ,
785 3743 859 3814 δὲ
882 3745 1096 3819 Cevrii
1119 3769 1375 3844 rapaces
1396 3769 1619 3819 manus
1641 3800 1662 3833 ,
1704 3769 1871 3843 quos
1889 3768 2082 3841 penes
2104 3749 2334 3821 cundia

183 3843 690 3917 sacerdotiorum
731 3894 751 3929 ,
799 3840 1255 3937 honorumque
1294 3839 1536 3913 venalia
1573 3894 1595 3926 ,
1636 3844 1821 3935 queis
1856 3844 1963 3910 vix
1999 3863 2117 3937 per
2156 3863 2333 3912 arma

182 3942 396 4011 vitatis
423 3992 448 4025 ,
480 3935 823 4035 reposituri
858 3927 1066 4006 vicem
1084 3932 1256 4006 haud
1276 3937 1497 4030 inique
1514 3933 1630 4026 fibi
1649 3932 2051 4006 videbantur.
2100 3932 2332 4004 Affen-

183 4031 386 4107 tando
413 4035 614 4136 igitur
633 4028 977 4106 validiores
999 4028 1267 4103 irridere
1286 4050 1513 4118 vanam
1534 4031 1786 4126 imperii
1808 4027 2154 4126 imaginem
2174 4080 2195 4110 ,
2216 4029 2330 4097 ubi

1311 4125 1374 4194 A
1424 4145 1460 4216 3
1769 4192 1787 4206 ,
2122 4123 2333 4217 magi-
