<?xml version="1.0" encoding="UTF-8"?>
<!DOCTYPE html PUBLIC "-//W3C//DTD XHTML 1.0 Transitional//EN"
    "http://www.w3.org/TR/xhtml1/DTD/xhtml1-transitional.dtd">
<html xmlns="http://www.w3.org/1999/xhtml" xml:lang="en" lang="en">
 <head>
  <title>
</title>
<meta http-equiv="Content-Type" content="text/html;charset=utf-8" />
  <meta name='ocr-system' content='tesseract 3.04.00' />
  <meta name='ocr-capabilities' content='ocr_page ocr_carea ocr_par ocr_line ocrx_word'/>
</head>
<body>
  <div class='ocr_page' id='page_1' title='image "./annalesethistor00grotgoog/annalesethistor00grotgoog_0266.png"; bbox 0 0 2900 4628; ppageno 0'>
   <div class='ocr_carea' id='block_1_1' title="bbox 329 294 541 371">
    <p class='ocr_par' dir='ltr' id='par_1_1' title="bbox 329 294 541 371">
     <span class='ocr_line' id='line_1_1' title="bbox 329 294 541 371; baseline 0.019 -5"><span class='ocrx_word' id='word_1_1' title='bbox 329 294 541 371; x_wconf 75' lang='lat'><em>1595·</em></span> 
     </span>
    </p>
   </div>
   <div class='ocr_carea' id='block_1_2' title="bbox 403 552 554 585">
    <p class='ocr_par' dir='ltr' id='par_1_2' title="bbox 403 552 554 585">
     <span class='ocr_line' id='line_1_2' title="bbox 403 552 554 585; baseline 0 0"><span class='ocrx_word' id='word_1_2' title='bbox 403 552 408 555; x_wconf 55' lang='lat'><em>⁷</em></span> <span class='ocrx_word' id='word_1_3' title='bbox 529 552 554 585; x_wconf 74' lang='lat' dir='ltr'><em>s</em></span> 
     </span>
    </p>
   </div>
   <div class='ocr_carea' id='block_1_3' title="bbox 606 136 2339 256">
    <p class='ocr_par' dir='ltr' id='par_1_3' title="bbox 606 136 2339 256">
     <span class='ocr_line' id='line_1_3' title="bbox 606 136 2339 256; baseline -0.008 -17"><span class='ocrx_word' id='word_1_4' title='bbox 606 163 738 256; x_wconf 80' lang='lat'>238</span> <span class='ocrx_word' id='word_1_5' title='bbox 1022 136 1695 255; x_wconf 60' lang='lat' dir='ltr'>⁴nvoo&#39;isiis</span> <span class='ocrx_word' id='word_1_6' title='bbox 1811 157 2339 228; x_wconf 74' lang='lat' dir='ltr'>oRoT11</span> 
     </span>
    </p>
   </div>
   <div class='ocr_carea' id='block_1_4' title="bbox 575 256 2771 2623">
    <p class='ocr_par' dir='ltr' id='par_1_4' title="bbox 579 256 2771 1774">
     <span class='ocr_line' id='line_1_4' title="bbox 602 256 2763 368; baseline -0.002 -25"><span class='ocrx_word' id='word_1_7' title='bbox 602 270 664 343; x_wconf 82' lang='lat' dir='ltr'>la</span> <span class='ocrx_word' id='word_1_8' title='bbox 695 291 1077 368; x_wconf 77' lang='lat' dir='ltr'>acceperant</span> <span class='ocrx_word' id='word_1_9' title='bbox 1096 323 1122 358; x_wconf 86' lang='lat'>,</span> <span class='ocrx_word' id='word_1_10' title='bbox 1167 270 1303 340; x_wconf 91' lang='lat' dir='ltr'>duo</span> <span class='ocrx_word' id='word_1_11' title='bbox 1340 266 1710 340; x_wconf 63' lang='lat' dir='ltr'>sanetiffima</span> <span class='ocrx_word' id='word_1_12' title='bbox 1734 321 1755 352; x_wconf 88' lang='lat'>,</span> <span class='ocrx_word' id='word_1_13' title='bbox 1800 264 2000 341; x_wconf 72' lang='lat' dir='ltr'>lolem</span> <span class='ocrx_word' id='word_1_14' title='bbox 2024 271 2098 337; x_wconf 72' lang='grc' dir='ltr'>δι</span> <span class='ocrx_word' id='word_1_15' title='bbox 2165 280 2565 363; x_wconf 80' lang='lat' dir='ltr'>aupertatem</span> <span class='ocrx_word' id='word_1_16' title='bbox 2586 256 2763 338; x_wconf 76' lang='lat' dir='ltr'>fuam</span> 
     </span>
     <span class='ocr_line' id='line_1_5' title="bbox 599 358 2771 456; baseline -0.001 -19"><span class='ocrx_word' id='word_1_17' title='bbox 599 367 996 456; x_wconf 83' lang='lat' dir='ltr'>testabantur</span> <span class='ocrx_word' id='word_1_18' title='bbox 1030 419 1054 451; x_wconf 87' lang='lat'>,</span> <span class='ocrx_word' id='word_1_19' title='bbox 1103 368 1341 435; x_wconf 86' lang='lat' dir='ltr'>invitos</span> <span class='ocrx_word' id='word_1_20' title='bbox 1384 361 1445 433; x_wconf 76' lang='lat' dir='ltr'>le</span> <span class='ocrx_word' id='word_1_21' title='bbox 1475 360 1809 449; x_wconf 81' lang='lat' dir='ltr'>beneficiis</span> <span class='ocrx_word' id='word_1_22' title='bbox 1840 365 2033 435; x_wconf 87' lang='lat' dir='ltr'>vinci.</span> <span class='ocrx_word' id='word_1_23' title='bbox 2184 364 2457 446; x_wconf 84' lang='lat' dir='ltr'>mnino,</span> <span class='ocrx_word' id='word_1_24' title='bbox 2507 359 2555 431; x_wconf 86' lang='lat' dir='ltr'>ss</span> <span class='ocrx_word' id='word_1_25' title='bbox 2594 358 2771 456; x_wconf 78' lang='lat' dir='ltr'>quid</span> 
     </span>
     <span class='ocr_line' id='line_1_6' title="bbox 597 454 2765 557; baseline -0.004 -25"><span class='ocrx_word' id='word_1_26' title='bbox 597 462 669 532; x_wconf 85' lang='lat' dir='ltr'>in</span> <span class='ocrx_word' id='word_1_27' title='bbox 708 459 1035 557; x_wconf 68' lang='lat' dir='ltr'>posterum</span> <span class='ocrx_word' id='word_1_28' title='bbox 1078 457 1339 529; x_wconf 88' lang='lat' dir='ltr'>fortuna</span> <span class='ocrx_word' id='word_1_29' title='bbox 1376 461 1603 528; x_wconf 87' lang='lat' dir='ltr'>annuit</span> <span class='ocrx_word' id='word_1_30' title='bbox 1647 508 1669 542; x_wconf 90' lang='lat'><strong>‚</strong></span> <span class='ocrx_word' id='word_1_31' title='bbox 1733 456 2005 528; x_wconf 86' lang='lat' dir='ltr'>multum</span> <span class='ocrx_word' id='word_1_32' title='bbox 2044 456 2359 526; x_wconf 83' lang='lat' dir='ltr'>momenti</span> <span class='ocrx_word' id='word_1_33' title='bbox 2400 459 2466 531; x_wconf 89' lang='lat' dir='ltr'>in</span> <span class='ocrx_word' id='word_1_34' title='bbox 2506 454 2765 524; x_wconf 84' lang='lat' dir='ltr'>illarum</span> 
     </span>
     <span class='ocr_line' id='line_1_7' title="bbox 596 546 2764 648; baseline -0.002 -25"><span class='ocrx_word' id='word_1_35' title='bbox 596 558 887 648; x_wconf 89' lang='lat' dir='ltr'>gentium</span> <span class='ocrx_word' id='word_1_36' title='bbox 928 546 1151 623; x_wconf 82' lang='lat' dir='ltr'>studiis</span> <span class='ocrx_word' id='word_1_37' title='bbox 1175 605 1198 639; x_wconf 90' lang='lat'>,</span> <span class='ocrx_word' id='word_1_38' title='bbox 1244 571 1390 648; x_wconf 81' lang='lat' dir='ltr'>quae</span> <span class='ocrx_word' id='word_1_39' title='bbox 1423 546 1597 620; x_wconf 89' lang='lat' dir='ltr'>freto</span> <span class='ocrx_word' id='word_1_40' title='bbox 1628 546 1917 622; x_wconf 85' lang='lat' dir='ltr'>affident.</span> <span class='ocrx_word' id='word_1_41' title='bbox 1995 554 2400 645; x_wconf 83' lang='lat' dir='ltr'>Qanquam</span> <span class='ocrx_word' id='word_1_42' title='bbox 2423 548 2764 620; x_wconf 75' lang='lat' dir='ltr'>&amp;arcibus</span> 
     </span>
     <span class='ocr_line' id='line_1_8' title="bbox 596 638 2764 757; baseline -0.001 -41"><span class='ocrx_word' id='word_1_43' title='bbox 596 651 804 757; x_wconf 84' lang='lat' dir='ltr'>premi</span> <span class='ocrx_word' id='word_1_44' title='bbox 829 644 1161 717; x_wconf 78' lang='lat' dir='ltr'>tranfitum</span> <span class='ocrx_word' id='word_1_45' title='bbox 1178 644 1260 715; x_wconf 90' lang='lat' dir='ltr'>ad</span> <span class='ocrx_word' id='word_1_46' title='bbox 1278 644 1655 716; x_wconf 86' lang='lat' dir='ltr'>retinendos</span> <span class='ocrx_word' id='word_1_47' title='bbox 1675 642 1821 713; x_wconf 87' lang='lat' dir='ltr'>usus</span> <span class='ocrx_word' id='word_1_48' title='bbox 1851 648 2088 741; x_wconf 87' lang='lat' dir='ltr'>reperti</span> <span class='ocrx_word' id='word_1_49' title='bbox 2120 647 2309 712; x_wconf 89' lang='lat' dir='ltr'>maris</span> <span class='ocrx_word' id='word_1_50' title='bbox 2332 638 2764 739; x_wconf 81' lang='lat' dir='ltr'>profuerit,&amp;:</span> 
     </span>
     <span class='ocr_line' id='line_1_9' title="bbox 600 736 2757 845; baseline -0.002 -35"><span class='ocrx_word' id='word_1_51' title='bbox 600 763 742 845; x_wconf 83' lang='lat' dir='ltr'>quo</span> <span class='ocrx_word' id='word_1_52' title='bbox 765 739 1082 836; x_wconf 87' lang='lat' dir='ltr'>refugium</span> <span class='ocrx_word' id='word_1_53' title='bbox 1101 738 1377 829; x_wconf 83' lang='lat' dir='ltr'>habeant</span> <span class='ocrx_word' id='word_1_54' title='bbox 1406 761 1595 833; x_wconf 84' lang='lat' dir='ltr'>naves</span> <span class='ocrx_word' id='word_1_55' title='bbox 1618 789 1637 823; x_wconf 91' lang='lat'><strong><em>‚</em></strong></span> <span class='ocrx_word' id='word_1_56' title='bbox 1685 736 1894 832; x_wconf 79' lang='lat' dir='ltr'>fiquid</span> <span class='ocrx_word' id='word_1_57' title='bbox 1921 739 2192 810; x_wconf 76' lang='lat' dir='ltr'>lubitum</span> <span class='ocrx_word' id='word_1_58' title='bbox 2217 740 2495 834; x_wconf 81' lang='lat' dir='ltr'>ingruat.</span> <span class='ocrx_word' id='word_1_59' title='bbox 2548 741 2757 823; x_wconf 85' lang='lat' dir='ltr'>Tum,</span> 
     </span>
     <span class='ocr_line' id='line_1_10' title="bbox 594 828 2769 926; baseline -0.001 -20"><span class='ocrx_word' id='word_1_60' title='bbox 594 836 644 906; x_wconf 78' lang='lat' dir='ltr'>(i</span> <span class='ocrx_word' id='word_1_61' title='bbox 667 856 820 904; x_wconf 88' lang='lat' dir='ltr'>cura</span> <span class='ocrx_word' id='word_1_62' title='bbox 835 838 922 917; x_wconf 26' lang='lat' dir='ltr'>x&amp;</span> <span class='ocrx_word' id='word_1_63' title='bbox 942 834 1233 905; x_wconf 89' lang='lat' dir='ltr'>homines</span> <span class='ocrx_word' id='word_1_64' title='bbox 1268 832 1577 902; x_wconf 83' lang='lat' dir='ltr'>accedant</span> <span class='ocrx_word' id='word_1_65' title='bbox 1600 883 1619 915; x_wconf 88' lang='lat'><strong>,</strong></span> <span class='ocrx_word' id='word_1_66' title='bbox 1670 854 1802 902; x_wconf 90' lang='lat' dir='ltr'>non</span> <span class='ocrx_word' id='word_1_67' title='bbox 1830 836 2037 902; x_wconf 88' lang='lat' dir='ltr'>minus</span> <span class='ocrx_word' id='word_1_68' title='bbox 2060 829 2423 926; x_wconf 86' lang='lat' dir='ltr'>Vadigatha</span> <span class='ocrx_word' id='word_1_69' title='bbox 2443 828 2532 900; x_wconf 89' lang='lat' dir='ltr'>est</span> <span class='ocrx_word' id='word_1_70' title='bbox 2561 829 2769 903; x_wconf 81' lang='lat' dir='ltr'>insula</span> 
     </span>
     <span class='ocr_line' id='line_1_11' title="bbox 595 924 2768 1022; baseline -0 -25"><span class='ocrx_word' id='word_1_71' title='bbox 595 926 804 997; x_wconf 84' lang='lat' dir='ltr'>cultus</span> <span class='ocrx_word' id='word_1_72' title='bbox 819 926 829 933; x_wconf 73' lang='grc'><em>’</em></span> <span class='ocrx_word' id='word_1_73' title='bbox 843 929 1086 1022; x_wconf 84' lang='lat' dir='ltr'>patiens</span> <span class='ocrx_word' id='word_1_74' title='bbox 1108 979 1130 1013; x_wconf 90' lang='lat'><strong>‚</strong></span> <span class='ocrx_word' id='word_1_75' title='bbox 1177 947 1371 1021; x_wconf 90' lang='lat' dir='ltr'>quam</span> <span class='ocrx_word' id='word_1_76' title='bbox 1390 949 1539 1020; x_wconf 82' lang='lat' dir='ltr'>quae</span> <span class='ocrx_word' id='word_1_77' title='bbox 1554 944 1846 995; x_wconf 85' lang='lat' dir='ltr'>extremo</span> <span class='ocrx_word' id='word_1_78' title='bbox 1868 927 2103 996; x_wconf 85' lang='lat' dir='ltr'>Danici</span> <span class='ocrx_word' id='word_1_79' title='bbox 2129 928 2214 993; x_wconf 85' lang='lat' dir='ltr'>im</span> <span class='ocrx_word' id='word_1_80' title='bbox 2263 928 2378 995; x_wconf 80' lang='lat' dir='ltr'>etii</span> <span class='ocrx_word' id='word_1_81' title='bbox 2400 924 2625 994; x_wconf 85' lang='lat' dir='ltr'>littore</span> <span class='ocrx_word' id='word_1_82' title='bbox 2645 925 2768 996; x_wconf 79' lang='lat' dir='ltr'>ha-</span> 
     </span>
     <span class='ocr_line' id='line_1_12' title="bbox 596 1015 2763 1115; baseline -0.002 -23"><span class='ocrx_word' id='word_1_83' title='bbox 596 1019 905 1115; x_wconf 69' lang='lat' dir='ltr'>bitantur.</span> <span class='ocrx_word' id='word_1_84' title='bbox 975 1022 1156 1089; x_wconf 89' lang='lat' dir='ltr'>Nam</span> <span class='ocrx_word' id='word_1_85' title='bbox 1197 1040 1268 1090; x_wconf 89' lang='lat' dir='ltr'>ut</span> <span class='ocrx_word' id='word_1_86' title='bbox 1305 1015 1420 1091; x_wconf 89' lang='lat' dir='ltr'>sub</span> <span class='ocrx_word' id='word_1_87' title='bbox 1460 1015 1600 1115; x_wconf 83' lang='lat' dir='ltr'>ipso</span> <span class='ocrx_word' id='word_1_88' title='bbox 1637 1016 1855 1089; x_wconf 85' lang='lat' dir='ltr'>fideris</span> <span class='ocrx_word' id='word_1_89' title='bbox 1881 1019 2186 1090; x_wconf 87' lang='lat' dir='ltr'>incendio</span> <span class='ocrx_word' id='word_1_90' title='bbox 2256 1039 2585 1114; x_wconf 87' lang='lat' dir='ltr'>agrantem</span> <span class='ocrx_word' id='word_1_91' title='bbox 2610 1018 2763 1115; x_wconf 85' lang='lat' dir='ltr'>pla-</span> 
     </span>
     <span class='ocr_line' id='line_1_13' title="bbox 594 1108 2765 1211; baseline -0.001 -26"><span class='ocrx_word' id='word_1_92' title='bbox 594 1136 774 1211; x_wconf 83' lang='lat' dir='ltr'>gam,</span> <span class='ocrx_word' id='word_1_93' title='bbox 793 1118 888 1184; x_wconf 88' lang='lat' dir='ltr'>ita</span> <span class='ocrx_word' id='word_1_94' title='bbox 902 1137 1090 1211; x_wconf 76' lang='lat' dir='ltr'>‚quae</span> <span class='ocrx_word' id='word_1_95' title='bbox 1105 1108 1188 1185; x_wconf 74' lang='lat' dir='ltr'>‘ad</span> <span class='ocrx_word' id='word_1_96' title='bbox 1212 1133 1524 1207; x_wconf 87' lang='lat' dir='ltr'>utrosque</span> <span class='ocrx_word' id='word_1_97' title='bbox 1547 1110 1843 1210; x_wconf 65' lang='lat' dir='ltr'>relegatae</span> <span class='ocrx_word' id='word_1_98' title='bbox 1863 1116 2131 1186; x_wconf 86' lang='lat' dir='ltr'>vertices</span> <span class='ocrx_word' id='word_1_99' title='bbox 2153 1111 2300 1209; x_wconf 85' lang='lat' dir='ltr'>gelu</span> <span class='ocrx_word' id='word_1_100' title='bbox 2323 1110 2720 1209; x_wconf 84' lang='lat' dir='ltr'>stringuntur</span> <span class='ocrx_word' id='word_1_101' title='bbox 2738 1165 2765 1201; x_wconf 84' lang='lat'>,</span> 
     </span>
     <span class='ocr_line' id='line_1_14' title="bbox 595 1199 2764 1302; baseline -0.001 -22"><span class='ocrx_word' id='word_1_102' title='bbox 595 1206 943 1281; x_wconf 78' lang='lat' dir='ltr'>admittere</span> <span class='ocrx_word' id='word_1_103' title='bbox 972 1208 1280 1279; x_wconf 83' lang='lat' dir='ltr'>mortales</span> <span class='ocrx_word' id='word_1_104' title='bbox 1306 1260 1329 1293; x_wconf 89' lang='lat'>‚</span> <span class='ocrx_word' id='word_1_105' title='bbox 1373 1229 1621 1302; x_wconf 85' lang='lat' dir='ltr'>eosque</span> <span class='ocrx_word' id='word_1_106' title='bbox 1653 1206 1822 1278; x_wconf 86' lang='lat' dir='ltr'>iorte</span> <span class='ocrx_word' id='word_1_107' title='bbox 1839 1201 2133 1277; x_wconf 88' lang='lat' dir='ltr'>nascendi</span> <span class='ocrx_word' id='word_1_108' title='bbox 2171 1209 2244 1274; x_wconf 71' lang='grc' dir='ltr'>ὅ(</span> <span class='ocrx_word' id='word_1_109' title='bbox 2265 1199 2660 1278; x_wconf 79' lang='lat' dir='ltr'>affnetudine</span> <span class='ocrx_word' id='word_1_110' title='bbox 2680 1205 2764 1278; x_wconf 82' lang='lat' dir='ltr'>fi-</span> 
     </span>
     <span class='ocr_line' id='line_1_15' title="bbox 599 1303 2760 1398; baseline 0 -26"><span class='ocrx_word' id='word_1_111' title='bbox 599 1303 672 1379; x_wconf 86' lang='lat' dir='ltr'>bi</span> <span class='ocrx_word' id='word_1_112' title='bbox 691 1323 943 1398; x_wconf 81' lang='lat' dir='ltr'>aequare</span> <span class='ocrx_word' id='word_1_113' title='bbox 966 1354 990 1387; x_wconf 84' lang='lat'>‚</span> <span class='ocrx_word' id='word_1_114' title='bbox 1043 1320 1274 1396; x_wconf 83' lang='lat' dir='ltr'>contra</span> <span class='ocrx_word' id='word_1_115' title='bbox 1298 1320 1585 1374; x_wconf 85' lang='lat' dir='ltr'>veterum</span> <span class='ocrx_word' id='word_1_116' title='bbox 1606 1303 1886 1370; x_wconf 88' lang='lat' dir='ltr'>rationes</span> <span class='ocrx_word' id='word_1_117' title='bbox 1909 1303 2302 1398; x_wconf 83' lang='lat' dir='ltr'>experientia</span> <span class='ocrx_word' id='word_1_118' title='bbox 2323 1304 2760 1373; x_wconf 84' lang='lat' dir='ltr'>convincitur.</span> 
     </span>
     <span class='ocr_line' id='line_1_16' title="bbox 600 1389 2762 1491; baseline 0.001 -25"><span class='ocrx_word' id='word_1_119' title='bbox 600 1395 873 1474; x_wconf 78' lang='lat' dir='ltr'>Nullam</span> <span class='ocrx_word' id='word_1_120' title='bbox 908 1394 999 1489; x_wconf 83' lang='lat' dir='ltr'>sui</span> <span class='ocrx_word' id='word_1_121' title='bbox 1035 1415 1282 1491; x_wconf 80' lang='lat' dir='ltr'>partem</span> <span class='ocrx_word' id='word_1_122' title='bbox 1314 1414 1535 1466; x_wconf 87' lang='lat' dir='ltr'>natura</span> <span class='ocrx_word' id='word_1_123' title='bbox 1553 1389 1880 1464; x_wconf 86' lang='lat' dir='ltr'>solitudini</span> <span class='ocrx_word' id='word_1_124' title='bbox 1898 1395 2221 1489; x_wconf 76' lang='lat' dir='ltr'>damnavit</span> <span class='ocrx_word' id='word_1_125' title='bbox 2241 1446 2263 1481; x_wconf 84' lang='lat'><strong>,</strong></span> <span class='ocrx_word' id='word_1_126' title='bbox 2309 1392 2478 1465; x_wconf 89' lang='lat' dir='ltr'>adeo</span> <span class='ocrx_word' id='word_1_127' title='bbox 2494 1392 2762 1491; x_wconf 87' lang='lat' dir='ltr'>quidem</span> 
     </span>
     <span class='ocr_line' id='line_1_17' title="bbox 601 1486 2765 1587; baseline -0.001 -23"><span class='ocrx_word' id='word_1_128' title='bbox 601 1511 675 1565; x_wconf 88' lang='lat' dir='ltr'>ut</span> <span class='ocrx_word' id='word_1_129' title='bbox 712 1487 1152 1577; x_wconf 84' lang='lat' dir='ltr'>Groenlandia</span> <span class='ocrx_word' id='word_1_130' title='bbox 1171 1543 1194 1576; x_wconf 89' lang='lat'><strong>,</strong></span> <span class='ocrx_word' id='word_1_131' title='bbox 1239 1490 1320 1559; x_wconf 86' lang='lat' dir='ltr'>ad</span> <span class='ocrx_word' id='word_1_132' title='bbox 1338 1490 1859 1586; x_wconf 83' lang='lat' dir='ltr'>Septentrionem</span> <span class='ocrx_word' id='word_1_133' title='bbox 1879 1493 2195 1560; x_wconf 87' lang='lat' dir='ltr'>remotior</span> <span class='ocrx_word' id='word_1_134' title='bbox 2219 1542 2241 1574; x_wconf 89' lang='lat'>,</span> <span class='ocrx_word' id='word_1_135' title='bbox 2288 1486 2507 1587; x_wconf 86' lang='lat' dir='ltr'>fruges</span> <span class='ocrx_word' id='word_1_136' title='bbox 2540 1492 2612 1559; x_wconf 91' lang='lat'>&amp;</span> <span class='ocrx_word' id='word_1_137' title='bbox 2632 1487 2765 1561; x_wconf 75' lang='lat' dir='ltr'>sata</span> 
     </span>
     <span class='ocr_line' id='line_1_18' title="bbox 602 1579 2766 1677; baseline -0.002 -19"><span class='ocrx_word' id='word_1_138' title='bbox 602 1585 732 1658; x_wconf 81' lang='lat' dir='ltr'>alat</span> <span class='ocrx_word' id='word_1_139' title='bbox 765 1581 1052 1655; x_wconf 84' lang='lat' dir='ltr'>nostrum</span> <span class='ocrx_word' id='word_1_140' title='bbox 1091 1586 1160 1657; x_wconf 90' lang='lat' dir='ltr'>in</span> <span class='ocrx_word' id='word_1_141' title='bbox 1194 1604 1472 1676; x_wconf 79' lang='lat' dir='ltr'>morem.</span> <span class='ocrx_word' id='word_1_142' title='bbox 1544 1579 1856 1677; x_wconf 87' lang='lat' dir='ltr'>Pleraque</span> <span class='ocrx_word' id='word_1_143' title='bbox 1876 1604 2051 1653; x_wconf 88' lang='lat' dir='ltr'>certe</span> <span class='ocrx_word' id='word_1_144' title='bbox 2067 1582 2305 1654; x_wconf 87' lang='lat' dir='ltr'>inculta</span> <span class='ocrx_word' id='word_1_145' title='bbox 2324 1583 2481 1654; x_wconf 81' lang='lat' dir='ltr'>olim</span> <span class='ocrx_word' id='word_1_146' title='bbox 2499 1581 2766 1676; x_wconf 82' lang='lat' dir='ltr'>jacuisse</span> 
     </span>
     <span class='ocr_line' id='line_1_19' title="bbox 579 1674 2766 1774; baseline 0 -25"><span class='ocrx_word' id='word_1_147' title='bbox 579 1678 582 1685; x_wconf 79' lang='grc'><strong><em>’</em></strong></span> <span class='ocrx_word' id='word_1_148' title='bbox 692 1702 724 1749; x_wconf 89' lang='lat' dir='ltr'>r</span> <span class='ocrx_word' id='word_1_149' title='bbox 759 1675 860 1769; x_wconf 23' lang='lat' dir='ltr'>est·</span> <span class='ocrx_word' id='word_1_150' title='bbox 885 1676 1103 1763; x_wconf 82' lang='lat' dir='ltr'>credi,</span> <span class='ocrx_word' id='word_1_151' title='bbox 1148 1699 1297 1748; x_wconf 91' lang='lat' dir='ltr'>cum</span> <span class='ocrx_word' id='word_1_152' title='bbox 1332 1674 1543 1749; x_wconf 87' lang='lat' dir='ltr'>adhuc</span> <span class='ocrx_word' id='word_1_153' title='bbox 1581 1680 1841 1774; x_wconf 83' lang='lat' dir='ltr'>potiora</span> <span class='ocrx_word' id='word_1_154' title='bbox 1875 1674 2252 1748; x_wconf 82' lang='lat' dir='ltr'>sufficerent.</span> <span class='ocrx_word' id='word_1_155' title='bbox 2325 1675 2636 1757; x_wconf 83' lang='lat' dir='ltr'>Paulatim</span> <span class='ocrx_word' id='word_1_156' title='bbox 2657 1674 2766 1750; x_wconf 77' lang='lat' dir='ltr'>sua</span> 
     </span>
    </p>

    <p class='ocr_par' dir='ltr' id='par_1_5' title="bbox 575 1768 2768 2623">
     <span class='ocr_line' id='line_1_20' title="bbox 701 1768 2765 1870; baseline -0.002 -27"><span class='ocrx_word' id='word_1_157' title='bbox 701 1775 906 1855; x_wconf 80' lang='lat' dir='ltr'>mines</span> <span class='ocrx_word' id='word_1_158' title='bbox 936 1770 1286 1843; x_wconf 89' lang='lat' dir='ltr'>multitudo</span> <span class='ocrx_word' id='word_1_159' title='bbox 1321 1775 1397 1843; x_wconf 75' lang='grc' dir='ltr'>δε</span> <span class='ocrx_word' id='word_1_160' title='bbox 1434 1768 1753 1842; x_wconf 87' lang='lat' dir='ltr'>discordia</span> <span class='ocrx_word' id='word_1_161' title='bbox 1786 1768 1897 1841; x_wconf 92' lang='lat' dir='ltr'>lon</span> <span class='ocrx_word' id='word_1_162' title='bbox 1950 1774 2042 1841; x_wconf 89' lang='lat' dir='ltr'>ius</span> <span class='ocrx_word' id='word_1_163' title='bbox 2071 1772 2343 1870; x_wconf 86' lang='lat' dir='ltr'>projecit</span> <span class='ocrx_word' id='word_1_164' title='bbox 2363 1823 2386 1856; x_wconf 88' lang='lat'>,</span> <span class='ocrx_word' id='word_1_165' title='bbox 2437 1776 2765 1865; x_wconf 72' lang='lat' dir='ltr'>terraeqhe</span> 
     </span>
     <span class='ocr_line' id='line_1_21' title="bbox 575 1793 2768 1961; baseline -0 -25"><span class='ocrx_word' id='word_1_166' title='bbox 575 1868 805 1956; x_wconf 72' lang='lat' dir='ltr'>maria</span> <span class='ocrx_word' id='word_1_167' title='bbox 830 1918 852 1951; x_wconf 91' lang='lat'>‚</span> <span class='ocrx_word' id='word_1_168' title='bbox 877 1868 952 1935; x_wconf 83' lang='lat'>&amp;</span> <span class='ocrx_word' id='word_1_169' title='bbox 970 1867 1170 1936; x_wconf 86' lang='lat' dir='ltr'>maria</span> <span class='ocrx_word' id='word_1_170' title='bbox 1190 1885 1387 1939; x_wconf 84' lang='lat' dir='ltr'>terras</span> <span class='ocrx_word' id='word_1_171' title='bbox 1408 1864 1863 1937; x_wconf 84' lang='lat' dir='ltr'>monstravere.</span> <span class='ocrx_word' id='word_1_172' title='bbox 1900 1793 2222 1937; x_wconf 42' lang='lat' dir='ltr'>{mxima</span> <span class='ocrx_word' id='word_1_173' title='bbox 2245 1861 2382 1936; x_wconf 91' lang='lat' dir='ltr'>Obi</span> <span class='ocrx_word' id='word_1_174' title='bbox 2401 1870 2582 1961; x_wconf 81' lang='lat' dir='ltr'>regio</span> <span class='ocrx_word' id='word_1_175' title='bbox 2600 1864 2768 1935; x_wconf 82' lang='lat' dir='ltr'>Ob-</span> 
     </span>
     <span class='ocr_line' id='line_1_22' title="bbox 601 1957 2767 2046; baseline -0.001 -14"><span class='ocrx_word' id='word_1_176' title='bbox 601 1959 790 2033; x_wconf 86' lang='lat' dir='ltr'>doria</span> <span class='ocrx_word' id='word_1_177' title='bbox 811 1957 904 2032; x_wconf 87' lang='lat' dir='ltr'>est</span> <span class='ocrx_word' id='word_1_178' title='bbox 927 2010 949 2046; x_wconf 91' lang='lat'>,</span> <span class='ocrx_word' id='word_1_179' title='bbox 994 1982 1152 2031; x_wconf 84' lang='lat' dir='ltr'>anus</span> <span class='ocrx_word' id='word_1_180' title='bbox 1171 1982 1376 2032; x_wconf 80' lang='lat' dir='ltr'>aureae</span> <span class='ocrx_word' id='word_1_181' title='bbox 1392 1957 1773 2031; x_wconf 88' lang='lat' dir='ltr'>fimulachro</span> <span class='ocrx_word' id='word_1_182' title='bbox 1798 1963 1873 2028; x_wconf 91' lang='lat'>&amp;</span> <span class='ocrx_word' id='word_1_183' title='bbox 1888 1958 2155 2031; x_wconf 85' lang='lat' dir='ltr'>oraculo</span> <span class='ocrx_word' id='word_1_184' title='bbox 2171 1957 2507 2030; x_wconf 85' lang='lat' dir='ltr'>celebrata.</span> <span class='ocrx_word' id='word_1_185' title='bbox 2570 1957 2767 2030; x_wconf 75' lang='lat' dir='ltr'>Vltra.</span> 
     </span>
     <span class='ocr_line' id='line_1_23' title="bbox 602 2051 2764 2152; baseline -0.002 -25"><span class='ocrx_word' id='word_1_186' title='bbox 602 2076 860 2127; x_wconf 88' lang='lat' dir='ltr'>amnem</span> <span class='ocrx_word' id='word_1_187' title='bbox 900 2052 1372 2151; x_wconf 84' lang='lat' dir='ltr'>Molgomzaya</span> <span class='ocrx_word' id='word_1_188' title='bbox 1411 2051 1651 2129; x_wconf 87' lang='lat' dir='ltr'>flumen</span> <span class='ocrx_word' id='word_1_189' title='bbox 1685 2053 1952 2124; x_wconf 88' lang='lat' dir='ltr'>alterum</span> <span class='ocrx_word' id='word_1_190' title='bbox 1978 2105 2000 2139; x_wconf 89' lang='lat'><strong>‚</strong></span> <span class='ocrx_word' id='word_1_191' title='bbox 2051 2058 2127 2124; x_wconf 88' lang='lat'>&amp;</span> <span class='ocrx_word' id='word_1_192' title='bbox 2150 2057 2288 2151; x_wconf 90' lang='lat' dir='ltr'>ripa</span> <span class='ocrx_word' id='word_1_193' title='bbox 2304 2055 2764 2152; x_wconf 82' lang='lat' dir='ltr'>cognominis,</span> 
     </span>
     <span class='ocr_line' id='line_1_24' title="bbox 599 2144 2762 2246; baseline -0.004 -23"><span class='ocrx_word' id='word_1_194' title='bbox 599 2171 801 2246; x_wconf 73' lang='lat' dir='ltr'>,quam</span> <span class='ocrx_word' id='word_1_195' title='bbox 824 2145 1009 2218; x_wconf 84' lang='lat' dir='ltr'>Ruffi</span> <span class='ocrx_word' id='word_1_196' title='bbox 1028 2171 1165 2218; x_wconf 86' lang='lat' dir='ltr'>non</span> <span class='ocrx_word' id='word_1_197' title='bbox 1184 2149 1591 2220; x_wconf 85' lang='lat' dir='ltr'>commerciis</span> <span class='ocrx_word' id='word_1_198' title='bbox 1610 2147 1816 2217; x_wconf 90' lang='lat' dir='ltr'>modo</span> <span class='ocrx_word' id='word_1_199' title='bbox 1835 2200 1856 2231; x_wconf 86' lang='lat'>‚</span> <span class='ocrx_word' id='word_1_200' title='bbox 1877 2144 1987 2217; x_wconf 84' lang='lat' dir='ltr'>sed</span> <span class='ocrx_word' id='word_1_201' title='bbox 2006 2148 2278 2246; x_wconf 84' lang='lat' dir='ltr'>imperio</span> <span class='ocrx_word' id='word_1_202' title='bbox 2294 2170 2556 2220; x_wconf 85' lang='lat' dir='ltr'>novere.</span> <span class='ocrx_word' id='word_1_203' title='bbox 2614 2147 2762 2216; x_wconf 54' lang='grc' dir='ltr'><strong>(ἶπε-</strong></span> 
     </span>
     <span class='ocr_line' id='line_1_25' title="bbox 603 2236 2760 2339; baseline -0.002 -22"><span class='ocrx_word' id='word_1_204' title='bbox 603 2261 740 2336; x_wconf 70' lang='lat' dir='ltr'>tera</span> <span class='ocrx_word' id='word_1_205' title='bbox 757 2238 895 2339; x_wconf 83' lang='lat' dir='ltr'>jam</span> <span class='ocrx_word' id='word_1_206' title='bbox 913 2236 1210 2314; x_wconf 74' lang='lat' dir='ltr'>,fabulosa</span> <span class='ocrx_word' id='word_1_207' title='bbox 1246 2262 1285 2329; x_wconf 58' lang='grc' dir='ltr'><em>ς</em></span> <span class='ocrx_word' id='word_1_208' title='bbox 1314 2260 1529 2312; x_wconf 89' lang='lat' dir='ltr'>morte</span> <span class='ocrx_word' id='word_1_209' title='bbox 1562 2239 1860 2338; x_wconf 86' lang='lat' dir='ltr'>hyemem</span> <span class='ocrx_word' id='word_1_210' title='bbox 1899 2244 2331 2313; x_wconf 80' lang='lat' dir='ltr'>transmittere</span> <span class='ocrx_word' id='word_1_211' title='bbox 2354 2295 2377 2330; x_wconf 83' lang='lat'>,</span> <span class='ocrx_word' id='word_1_212' title='bbox 2425 2260 2760 2339; x_wconf 82' lang='lat' dir='ltr'>vernoque</span> 
     </span>
     <span class='ocr_line' id='line_1_26' title="bbox 603 2330 2758 2435; baseline -0.001 -26"><span class='ocrx_word' id='word_1_213' title='bbox 603 2361 758 2409; x_wconf 86' lang='lat' dir='ltr'>cum</span> <span class='ocrx_word' id='word_1_214' title='bbox 792 2336 1014 2433; x_wconf 85' lang='lat' dir='ltr'>spiritu</span> <span class='ocrx_word' id='word_1_215' title='bbox 1065 2330 1378 2407; x_wconf 86' lang='lat' dir='ltr'>resumere</span> <span class='ocrx_word' id='word_1_216' title='bbox 1414 2339 1695 2428; x_wconf 76' lang='lat' dir='ltr'>animam</span> <span class='ocrx_word' id='word_1_217' title='bbox 1737 2338 2188 2422; x_wconf 80' lang='lat' dir='ltr'>Leucomoriae</span> <span class='ocrx_word' id='word_1_218' title='bbox 2229 2337 2511 2435; x_wconf 86' lang='lat' dir='ltr'>populos</span> <span class='ocrx_word' id='word_1_219' title='bbox 2533 2390 2553 2422; x_wconf 88' lang='lat'><strong>,</strong></span> <span class='ocrx_word' id='word_1_220' title='bbox 2603 2359 2758 2407; x_wconf 86' lang='lat' dir='ltr'>curu</span> 
     </span>
     <span class='ocr_line' id='line_1_27' title="bbox 599 2427 2762 2529; baseline -0.001 -27"><span class='ocrx_word' id='word_1_221' title='bbox 599 2430 909 2529; x_wconf 80' lang='lat' dir='ltr'>expolitis</span> <span class='ocrx_word' id='word_1_222' title='bbox 941 2432 1198 2502; x_wconf 84' lang='lat' dir='ltr'>interim</span> <span class='ocrx_word' id='word_1_223' title='bbox 1228 2428 1420 2501; x_wconf 86' lang='lat' dir='ltr'>rebus</span> <span class='ocrx_word' id='word_1_224' title='bbox 1439 2431 1982 2526; x_wconf 86' lang='lat' dir='ltr'>permutationem</span> <span class='ocrx_word' id='word_1_225' title='bbox 1996 2427 2126 2501; x_wconf 86' lang='lat' dir='ltr'>sola</span> <span class='ocrx_word' id='word_1_226' title='bbox 2145 2434 2508 2501; x_wconf 87' lang='lat' dir='ltr'>accolarum</span> <span class='ocrx_word' id='word_1_227' title='bbox 2527 2431 2762 2526; x_wconf 83' lang='lat' dir='ltr'>religio</span> 
     </span>
     <span class='ocr_line' id='line_1_28' title="bbox 593 2517 2761 2623; baseline -0.001 -27"><span class='ocrx_word' id='word_1_228' title='bbox 593 2541 914 2623; x_wconf 72' lang='lat' dir='ltr'>‚peragat3</span> <span class='ocrx_word' id='word_1_229' title='bbox 962 2543 1100 2616; x_wconf 89' lang='lat' dir='ltr'>tum</span> <span class='ocrx_word' id='word_1_230' title='bbox 1139 2521 1304 2594; x_wconf 90' lang='lat' dir='ltr'>hirta</span> <span class='ocrx_word' id='word_1_231' title='bbox 1339 2523 1675 2596; x_wconf 84' lang='lat' dir='ltr'>hominum</span> <span class='ocrx_word' id='word_1_232' title='bbox 1706 2517 1989 2622; x_wconf 66' lang='lat' dir='ltr'>corpora</span> <span class='ocrx_word' id='word_1_233' title='bbox 2016 2579 2038 2610; x_wconf 90' lang='lat'>‚</span> <span class='ocrx_word' id='word_1_234' title='bbox 2091 2529 2167 2595; x_wconf 76' lang='lat' dir='ltr'>&amp;t</span> <span class='ocrx_word' id='word_1_235' title='bbox 2204 2528 2761 2622; x_wconf 63' lang='lat' dir='ltr'>canina&#39;orisipe·</span> 
     </span>
    </p>
   </div>
   <div class='ocr_carea' id='block_1_5' title="bbox 525 2617 2762 2716">
    <p class='ocr_par' dir='ltr' id='par_1_6' title="bbox 525 2617 2762 2716">
     <span class='ocr_line' id='line_1_29' title="bbox 525 2617 2762 2716; baseline -0.001 -26"><span class='ocrx_word' id='word_1_236' title='bbox 525 2645 532 2656; x_wconf 58' lang='lat'>¹</span> <span class='ocrx_word' id='word_1_237' title='bbox 602 2622 739 2690; x_wconf 85' lang='lat' dir='ltr'>cies</span> <span class='ocrx_word' id='word_1_238' title='bbox 759 2669 783 2707; x_wconf 90' lang='lat'><strong>,</strong></span> <span class='ocrx_word' id='word_1_239' title='bbox 832 2617 1004 2690; x_wconf 88' lang='lat' dir='ltr'>haud</span> <span class='ocrx_word' id='word_1_240' title='bbox 1017 2622 1228 2690; x_wconf 86' lang='lat' dir='ltr'>minus</span> <span class='ocrx_word' id='word_1_241' title='bbox 1245 2640 1404 2690; x_wconf 83' lang='lat' dir='ltr'>vana</span> <span class='ocrx_word' id='word_1_242' title='bbox 1421 2636 1711 2691; x_wconf 86' lang='lat' dir='ltr'>veterum</span> <span class='ocrx_word' id='word_1_243' title='bbox 1727 2617 2077 2706; x_wconf 83' lang='lat' dir='ltr'>mendaciis</span> <span class='ocrx_word' id='word_1_244' title='bbox 2096 2643 2116 2689; x_wconf 77' lang='lat' dir='ltr'>t</span> <span class='ocrx_word' id='word_1_245' title='bbox 2168 2623 2280 2716; x_wconf 88' lang='lat' dir='ltr'>qui</span> <span class='ocrx_word' id='word_1_246' title='bbox 2299 2617 2553 2715; x_wconf 86' lang='lat' dir='ltr'>equinis</span> <span class='ocrx_word' id='word_1_247' title='bbox 2571 2619 2762 2715; x_wconf 78' lang='lat' dir='ltr'>pedi-</span> 
     </span>
    </p>
   </div>
   <div class='ocr_carea' id='block_1_6' title="bbox 571 2710 2761 4209">
    <p class='ocr_par' dir='ltr' id='par_1_7' title="bbox 571 2710 2761 4209">
     <span class='ocr_line' id='line_1_30' title="bbox 601 2710 2761 2811; baseline -0.001 -24"><span class='ocrx_word' id='word_1_248' title='bbox 601 2712 728 2800; x_wconf 80' lang='lat' dir='ltr'>bus</span> <span class='ocrx_word' id='word_1_249' title='bbox 766 2732 991 2811; x_wconf 85' lang='lat' dir='ltr'>gentes</span> <span class='ocrx_word' id='word_1_250' title='bbox 1014 2765 1036 2801; x_wconf 90' lang='lat'><strong>,</strong></span> <span class='ocrx_word' id='word_1_251' title='bbox 1088 2710 1348 2785; x_wconf 79' lang='lat' dir='ltr'>&amp;alias</span> <span class='ocrx_word' id='word_1_252' title='bbox 1372 2765 1395 2798; x_wconf 88' lang='lat'>‚</span> <span class='ocrx_word' id='word_1_253' title='bbox 1442 2713 1715 2807; x_wconf 87' lang='lat' dir='ltr'>quatum</span> <span class='ocrx_word' id='word_1_254' title='bbox 1749 2735 1933 2785; x_wconf 89' lang='lat' dir='ltr'>aures</span> <span class='ocrx_word' id='word_1_255' title='bbox 1970 2714 2142 2786; x_wconf 86' lang='lat' dir='ltr'>nuda</span> <span class='ocrx_word' id='word_1_256' title='bbox 2168 2715 2457 2809; x_wconf 77' lang='lat' dir='ltr'>alioquin</span> <span class='ocrx_word' id='word_1_257' title='bbox 2476 2734 2761 2809; x_wconf 71' lang='lat' dir='ltr'>corpora</span> 
     </span>
     <span class='ocr_line' id='line_1_31' title="bbox 607 2797 2761 2905; baseline -0.001 -24"><span class='ocrx_word' id='word_1_258' title='bbox 607 2804 894 2881; x_wconf 86' lang='lat' dir='ltr'>ambiant</span> <span class='ocrx_word' id='word_1_259' title='bbox 917 2861 941 2895; x_wconf 89' lang='lat'>‚</span> <span class='ocrx_word' id='word_1_260' title='bbox 987 2804 1209 2878; x_wconf 77' lang='lat' dir='ltr'>iildem</span> <span class='ocrx_word' id='word_1_261' title='bbox 1236 2805 1401 2894; x_wconf 88' lang='lat' dir='ltr'>locis</span> <span class='ocrx_word' id='word_1_262' title='bbox 1430 2803 1801 2904; x_wconf 81' lang='lat' dir='ltr'>affcripsere</span> <span class='ocrx_word' id='word_1_263' title='bbox 1822 2860 1841 2894; x_wconf 87' lang='lat'><strong>,</strong></span> <span class='ocrx_word' id='word_1_264' title='bbox 1896 2827 1963 2876; x_wconf 91' lang='lat' dir='ltr'>ut</span> <span class='ocrx_word' id='word_1_265' title='bbox 1984 2797 2119 2879; x_wconf 84' lang='lat' dir='ltr'>fere</span> <span class='ocrx_word' id='word_1_266' title='bbox 2139 2806 2378 2905; x_wconf 86' lang='lat' dir='ltr'>ubique</span> <span class='ocrx_word' id='word_1_267' title='bbox 2400 2811 2463 2879; x_wconf 90' lang='lat' dir='ltr'>in</span> <span class='ocrx_word' id='word_1_268' title='bbox 2485 2812 2761 2878; x_wconf 83' lang='lat' dir='ltr'>miracu-</span> 
     </span>
     <span class='ocr_line' id='line_1_32' title="bbox 591 2891 2759 2998; baseline -0.001 -23"><span class='ocrx_word' id='word_1_269' title='bbox 591 2901 672 2976; x_wconf 72' lang='lat' dir='ltr'>la</span> <span class='ocrx_word' id='word_1_270' title='bbox 695 2954 719 2990; x_wconf 89' lang='lat'>,</span> <span class='ocrx_word' id='word_1_271' title='bbox 768 2891 1615 2992; x_wconf 71' lang='lat' dir='ltr'>&amp;falsssauditiones&#39;fama</span> <span class='ocrx_word' id='word_1_272' title='bbox 1637 2924 1849 2974; x_wconf 83' lang='lat' dir='ltr'>rerum</span> <span class='ocrx_word' id='word_1_273' title='bbox 1865 2900 2116 2998; x_wconf 81' lang='lat' dir='ltr'>definit.</span> <span class='ocrx_word' id='word_1_274' title='bbox 2174 2901 2501 2995; x_wconf 82' lang='lat' dir='ltr'>Qaedam</span> <span class='ocrx_word' id='word_1_275' title='bbox 2519 2902 2759 2973; x_wconf 87' lang='lat' dir='ltr'>borum</span> 
     </span>
     <span class='ocr_line' id='line_1_33' title="bbox 607 2995 2757 3092; baseline -0.001 -24"><span class='ocrx_word' id='word_1_276' title='bbox 607 3015 825 3070; x_wconf 83' lang='lat' dir='ltr'>tamen</span> <span class='ocrx_word' id='word_1_277' title='bbox 845 3051 868 3085; x_wconf 89' lang='lat'><strong>,</strong></span> <span class='ocrx_word' id='word_1_278' title='bbox 916 3001 991 3068; x_wconf 89' lang='lat'>&amp;</span> <span class='ocrx_word' id='word_1_279' title='bbox 1010 2995 1192 3092; x_wconf 87' lang='lat' dir='ltr'>quod</span> <span class='ocrx_word' id='word_1_280' title='bbox 1223 3000 1488 3070; x_wconf 88' lang='lat' dir='ltr'>certiori</span> <span class='ocrx_word' id='word_1_281' title='bbox 1501 2996 1872 3079; x_wconf 85' lang='lat' dir='ltr'>testimonio</span> <span class='ocrx_word' id='word_1_282' title='bbox 1891 2996 2180 3069; x_wconf 84' lang='lat' dir='ltr'>firmatur</span> <span class='ocrx_word' id='word_1_283' title='bbox 2201 3051 2223 3084; x_wconf 90' lang='lat'>,</span> <span class='ocrx_word' id='word_1_284' title='bbox 2248 3020 2324 3069; x_wconf 85' lang='lat' dir='ltr'>ca</span> <span class='ocrx_word' id='word_1_285' title='bbox 2374 3002 2461 3068; x_wconf 85' lang='lat' dir='ltr'>ite</span> <span class='ocrx_word' id='word_1_286' title='bbox 2482 3017 2757 3067; x_wconf 90' lang='lat' dir='ltr'>truncos</span> 
     </span>
     <span class='ocr_line' id='line_1_34' title="bbox 605 3088 2755 3190; baseline -0.001 -26"><span class='ocrx_word' id='word_1_287' title='bbox 605 3090 902 3170; x_wconf 84' lang='lat' dir='ltr'>homines</span> <span class='ocrx_word' id='word_1_288' title='bbox 925 3144 949 3178; x_wconf 87' lang='lat'>‚</span> <span class='ocrx_word' id='word_1_289' title='bbox 995 3096 1108 3186; x_wconf 84' lang='lat' dir='ltr'>qui</span> <span class='ocrx_word' id='word_1_290' title='bbox 1141 3090 1351 3164; x_wconf 84' lang='lat' dir='ltr'>vultus</span> <span class='ocrx_word' id='word_1_291' title='bbox 1391 3095 1461 3161; x_wconf 90' lang='lat' dir='ltr'>in</span> <span class='ocrx_word' id='word_1_292' title='bbox 1502 3090 1766 3186; x_wconf 45' lang='lat' dir='ltr'>pectore</span> <span class='ocrx_word' id='word_1_293' title='bbox 1801 3112 2024 3190; x_wconf 84' lang='lat' dir='ltr'>gerant</span> <span class='ocrx_word' id='word_1_294' title='bbox 2049 3147 2068 3179; x_wconf 85' lang='lat'><strong>,</strong></span> <span class='ocrx_word' id='word_1_295' title='bbox 2116 3111 2285 3163; x_wconf 87' lang='lat' dir='ltr'>aute</span> <span class='ocrx_word' id='word_1_296' title='bbox 2339 3115 2378 3162; x_wconf 92' lang='lat' dir='ltr'>e</span> <span class='ocrx_word' id='word_1_297' title='bbox 2403 3146 2423 3179; x_wconf 92' lang='lat'>,</span> <span class='ocrx_word' id='word_1_298' title='bbox 2467 3111 2579 3162; x_wconf 89' lang='lat' dir='ltr'>aut</span> <span class='ocrx_word' id='word_1_299' title='bbox 2598 3088 2755 3163; x_wconf 79' lang='lat' dir='ltr'>coni</span> 
     </span>
     <span class='ocr_line' id='line_1_35' title="bbox 605 3183 2754 3282; baseline -0.002 -23"><span class='ocrx_word' id='word_1_300' title='bbox 605 3184 922 3259; x_wconf 76' lang='lat' dir='ltr'>brevitate</span> <span class='ocrx_word' id='word_1_301' title='bbox 964 3185 1322 3280; x_wconf 61' lang='lat' dir='ltr'>erectisque</span> <span class='ocrx_word' id='word_1_302' title='bbox 1362 3185 1643 3256; x_wconf 87' lang='lat' dir='ltr'>humeris</span> <span class='ocrx_word' id='word_1_303' title='bbox 1682 3183 1834 3255; x_wconf 89' lang='lat' dir='ltr'>tales</span> <span class='ocrx_word' id='word_1_304' title='bbox 1854 3186 2101 3275; x_wconf 83' lang='lat' dir='ltr'>videri,</span> <span class='ocrx_word' id='word_1_305' title='bbox 2153 3185 2318 3257; x_wconf 82' lang='lat' dir='ltr'>haud</span> <span class='ocrx_word' id='word_1_306' title='bbox 2344 3189 2754 3282; x_wconf 84' lang='lat' dir='ltr'>pertinaciter</span> 
     </span>
     <span class='ocr_line' id='line_1_36' title="bbox 605 3275 2753 3375; baseline -0.001 -24"><span class='ocrx_word' id='word_1_307' title='bbox 605 3278 888 3354; x_wconf 79' lang='lat' dir='ltr'>refellam</span> <span class='ocrx_word' id='word_1_308' title='bbox 921 3311 950 3368; x_wconf 78' lang='lat'>3</span> <span class='ocrx_word' id='word_1_309' title='bbox 996 3275 1138 3350; x_wconf 67' lang='lat' dir='ltr'>fitis</span> <span class='ocrx_word' id='word_1_310' title='bbox 1173 3302 1410 3375; x_wconf 84' lang='lat' dir='ltr'>gnarus</span> <span class='ocrx_word' id='word_1_311' title='bbox 1434 3331 1459 3365; x_wconf 83' lang='lat'><strong>,</strong></span> <span class='ocrx_word' id='word_1_312' title='bbox 1506 3297 1577 3348; x_wconf 92' lang='lat' dir='ltr'>ut</span> <span class='ocrx_word' id='word_1_313' title='bbox 1614 3278 1767 3350; x_wconf 86' lang='lat' dir='ltr'>alibi</span> <span class='ocrx_word' id='word_1_314' title='bbox 1806 3284 2049 3374; x_wconf 86' lang='lat' dir='ltr'>ignium</span> <span class='ocrx_word' id='word_1_315' title='bbox 2087 3285 2287 3351; x_wconf 88' lang='lat' dir='ltr'>intem</span> <span class='ocrx_word' id='word_1_316' title='bbox 2335 3285 2510 3365; x_wconf 83' lang='lat' dir='ltr'>eric,</span> <span class='ocrx_word' id='word_1_317' title='bbox 2557 3285 2648 3350; x_wconf 75' lang='lat' dir='ltr'>im</span> <span class='ocrx_word' id='word_1_318' title='bbox 2689 3279 2753 3350; x_wconf 74' lang='lat' dir='ltr'>vi</span> 
     </span>
     <span class='ocr_line' id='line_1_37' title="bbox 600 3369 2754 3473; baseline -0.002 -26"><span class='ocrx_word' id='word_1_319' title='bbox 600 3372 873 3471; x_wconf 86' lang='lat' dir='ltr'>frigoris</span> <span class='ocrx_word' id='word_1_320' title='bbox 909 3376 1103 3446; x_wconf 84' lang='lat' dir='ltr'>nimia</span> <span class='ocrx_word' id='word_1_321' title='bbox 1122 3396 1389 3471; x_wconf 82' lang='lat' dir='ltr'>peccare</span> <span class='ocrx_word' id='word_1_322' title='bbox 1410 3369 1760 3445; x_wconf 77' lang='lat' dir='ltr'>naturam..¹</span> <span class='ocrx_word' id='word_1_323' title='bbox 1787 3377 1939 3444; x_wconf 89' lang='lat' dir='ltr'>Hoc</span> <span class='ocrx_word' id='word_1_324' title='bbox 1962 3373 2208 3445; x_wconf 90' lang='lat' dir='ltr'>constat</span> <span class='ocrx_word' id='word_1_325' title='bbox 2232 3427 2252 3461; x_wconf 93' lang='lat'><strong>,</strong></span> <span class='ocrx_word' id='word_1_326' title='bbox 2333 3398 2550 3473; x_wconf 85' lang='lat' dir='ltr'>oppos</span> <span class='ocrx_word' id='word_1_327' title='bbox 2574 3371 2754 3469; x_wconf 86' lang='lat' dir='ltr'>sequi</span> 
     </span>
     <span class='ocr_line' id='line_1_38' title="bbox 587 3468 2753 3566; baseline -0.004 -20"><span class='ocrx_word' id='word_1_328' title='bbox 587 3473 979 3566; x_wconf 76' lang='lat' dir='ltr'>Jmaumque</span> <span class='ocrx_word' id='word_1_329' title='bbox 1011 3486 1301 3539; x_wconf 90' lang='lat' dir='ltr'>montem</span> <span class='ocrx_word' id='word_1_330' title='bbox 1325 3519 1348 3553; x_wconf 89' lang='lat'>,</span> <span class='ocrx_word' id='word_1_331' title='bbox 1399 3470 1474 3538; x_wconf 89' lang='lat'>&amp;</span> <span class='ocrx_word' id='word_1_332' title='bbox 1512 3470 1680 3540; x_wconf 83' lang='lat' dir='ltr'>inter</span> <span class='ocrx_word' id='word_1_333' title='bbox 1721 3476 1983 3539; x_wconf 76' lang='lat' dir='ltr'>nemora</span> <span class='ocrx_word' id='word_1_334' title='bbox 2020 3468 2144 3539; x_wconf 87' lang='lat' dir='ltr'>late</span> <span class='ocrx_word' id='word_1_335' title='bbox 2165 3489 2464 3565; x_wconf 83' lang='lat' dir='ltr'>vagantes</span> <span class='ocrx_word' id='word_1_336' title='bbox 2489 3468 2753 3539; x_wconf 86' lang='lat' dir='ltr'>Hordas</span> 
     </span>
     <span class='ocr_line' id='line_1_39' title="bbox 602 3561 2758 3658; baseline -0 -24"><span class='ocrx_word' id='word_1_337' title='bbox 602 3564 1072 3648; x_wconf 80' lang='lat' dir='ltr'>Tartaromm3</span> <span class='ocrx_word' id='word_1_338' title='bbox 1119 3585 1402 3656; x_wconf 89' lang='lat' dir='ltr'>quorum</span> <span class='ocrx_word' id='word_1_339' title='bbox 1439 3585 1585 3658; x_wconf 85' lang='lat' dir='ltr'>pars</span> <span class='ocrx_word' id='word_1_340' title='bbox 1625 3561 1701 3634; x_wconf 86' lang='lat' dir='ltr'>fit</span> <span class='ocrx_word' id='word_1_341' title='bbox 1742 3562 2010 3634; x_wconf 87' lang='lat' dir='ltr'>Cathaia</span> <span class='ocrx_word' id='word_1_342' title='bbox 2032 3617 2053 3652; x_wconf 75' lang='lat'><em>,</em></span> <span class='ocrx_word' id='word_1_343' title='bbox 2099 3562 2398 3636; x_wconf 83' lang='lat' dir='ltr'>conversa</span> <span class='ocrx_word' id='word_1_344' title='bbox 2424 3565 2559 3658; x_wconf 84' lang='lat' dir='ltr'>jam</span> <span class='ocrx_word' id='word_1_345' title='bbox 2577 3563 2758 3633; x_wconf 88' lang='lat' dir='ltr'>litto-</span> 
     </span>
     <span class='ocr_line' id='line_1_40' title="bbox 603 3653 2757 3752; baseline -0 -25"><span class='ocrx_word' id='word_1_346' title='bbox 603 3678 748 3727; x_wconf 88' lang='lat' dir='ltr'>rum</span> <span class='ocrx_word' id='word_1_347' title='bbox 767 3653 985 3727; x_wconf 88' lang='lat' dir='ltr'>fronte</span> <span class='ocrx_word' id='word_1_348' title='bbox 1019 3680 1038 3724; x_wconf 73' lang='grc' dir='ltr'>ε</span> <span class='ocrx_word' id='word_1_349' title='bbox 1073 3656 1236 3727; x_wconf 79' lang='lat' dir='ltr'>inde</span> <span class='ocrx_word' id='word_1_350' title='bbox 1252 3657 1434 3728; x_wconf 85' lang='lat' dir='ltr'>Sinas</span> <span class='ocrx_word' id='word_1_351' title='bbox 1460 3661 1535 3726; x_wconf 80' lang='grc' dir='ltr'>δε</span> <span class='ocrx_word' id='word_1_352' title='bbox 1555 3653 1700 3752; x_wconf 78' lang='lat' dir='ltr'>qua&#39;e</span> <span class='ocrx_word' id='word_1_353' title='bbox 1721 3658 1788 3727; x_wconf 85' lang='lat' dir='ltr'>in</span> <span class='ocrx_word' id='word_1_354' title='bbox 1807 3662 2123 3727; x_wconf 87' lang='lat' dir='ltr'>orientem</span> <span class='ocrx_word' id='word_1_355' title='bbox 2146 3656 2517 3727; x_wconf 82' lang='lat' dir='ltr'>noscuntur.</span> <span class='ocrx_word' id='word_1_356' title='bbox 2571 3657 2757 3728; x_wconf 80' lang='lat' dir='ltr'>Idem</span> 
     </span>
     <span class='ocr_line' id='line_1_41' title="bbox 604 3748 2755 3848; baseline -0.001 -25"><span class='ocrx_word' id='word_1_357' title='bbox 604 3750 714 3823; x_wconf 83' lang='lat' dir='ltr'>hic</span> <span class='ocrx_word' id='word_1_358' title='bbox 744 3773 945 3821; x_wconf 84' lang='lat' dir='ltr'>annus</span> <span class='ocrx_word' id='word_1_359' title='bbox 983 3748 1235 3846; x_wconf 85' lang='lat' dir='ltr'>infamis</span> <span class='ocrx_word' id='word_1_360' title='bbox 1272 3753 1516 3846; x_wconf 85' lang='lat' dir='ltr'>rapinis</span> <span class='ocrx_word' id='word_1_361' title='bbox 1555 3750 2141 3824; x_wconf 74' lang='lat' dir='ltr'>Dunkencanorum</span> <span class='ocrx_word' id='word_1_362' title='bbox 2167 3803 2189 3840; x_wconf 87' lang='lat'>‚</span> <span class='ocrx_word' id='word_1_363' title='bbox 2286 3756 2348 3821; x_wconf 87' lang='lat' dir='ltr'>ui</span> <span class='ocrx_word' id='word_1_364' title='bbox 2384 3751 2648 3848; x_wconf 81' lang='lat' dir='ltr'>triginta</span> <span class='ocrx_word' id='word_1_365' title='bbox 2681 3755 2755 3820; x_wconf 76' lang='grc' dir='ltr'>δε</span> 
     </span>
     <span class='ocr_line' id='line_1_42' title="bbox 571 3776 2753 3945; baseline 0.001 -31"><span class='ocrx_word' id='word_1_366' title='bbox 571 3849 893 3941; x_wconf 72' lang='lat' dir='ltr'>quinque</span> <span class='ocrx_word' id='word_1_367' title='bbox 923 3847 1306 3927; x_wconf 72' lang='lat' dir='ltr'>Batavorum</span> <span class='ocrx_word' id='word_1_368' title='bbox 1339 3867 1570 3933; x_wconf 85' lang='lat' dir='ltr'>naves,</span> <span class='ocrx_word' id='word_1_369' title='bbox 1619 3847 1684 3915; x_wconf 90' lang='lat' dir='ltr'>in</span> <span class='ocrx_word' id='word_1_370' title='bbox 1725 3846 2129 3945; x_wconf 86' lang='lat' dir='ltr'>Norvegiam</span> <span class='ocrx_word' id='word_1_371' title='bbox 2166 3776 2375 3917; x_wconf 46' lang='lat' dir='ltr'>masas</span> <span class='ocrx_word' id='word_1_372' title='bbox 2392 3845 2437 3917; x_wconf 89' lang='lat' dir='ltr'>li</span> <span class='ocrx_word' id='word_1_373' title='bbox 2488 3851 2753 3932; x_wconf 81' lang='lat' dir='ltr'>natum,</span> 
     </span>
     <span class='ocr_line' id='line_1_43' title="bbox 577 3936 2755 4038; baseline 0.001 -28"><span class='ocrx_word' id='word_1_374' title='bbox 577 3942 883 4015; x_wconf 80' lang='lat' dir='ltr'>,inermes</span> <span class='ocrx_word' id='word_1_375' title='bbox 909 3959 1145 4036; x_wconf 77' lang='lat' dir='ltr'>-praeter</span> <span class='ocrx_word' id='word_1_376' title='bbox 1177 3961 1369 4011; x_wconf 84' lang='lat' dir='ltr'>unam</span> <span class='ocrx_word' id='word_1_377' title='bbox 1404 3963 1634 4012; x_wconf 89' lang='lat' dir='ltr'>omnes</span> <span class='ocrx_word' id='word_1_378' title='bbox 1660 3991 1683 4027; x_wconf 88' lang='lat'>,</span> <span class='ocrx_word' id='word_1_379' title='bbox 1729 3944 1798 4012; x_wconf 89' lang='lat' dir='ltr'>in</span> <span class='ocrx_word' id='word_1_380' title='bbox 1850 3941 2232 4038; x_wconf 82' lang='lat' dir='ltr'>potestatem</span> <span class='ocrx_word' id='word_1_381' title='bbox 2270 3936 2422 4035; x_wconf 81' lang='lat' dir='ltr'>reda</span> <span class='ocrx_word' id='word_1_382' title='bbox 2482 3949 2491 3954; x_wconf 83' lang='lat'>&#39;</span> <span class='ocrx_word' id='word_1_383' title='bbox 2524 4017 2529 4022; x_wconf 61' lang='grc'>,</span> <span class='ocrx_word' id='word_1_384' title='bbox 2603 3955 2755 4013; x_wconf 74' lang='lat' dir='ltr'>ave·</span> 
     </span>
     <span class='ocr_line' id='line_1_44' title="bbox 572 4024 2755 4209; baseline 0.001 -101"><span class='ocrx_word' id='word_1_385' title='bbox 572 4038 759 4115; x_wconf 81' lang='lat' dir='ltr'>.here</span> <span class='ocrx_word' id='word_1_386' title='bbox 792 4060 942 4122; x_wconf 70' lang='lat' dir='ltr'>cum</span> <span class='ocrx_word' id='word_1_387' title='bbox 980 4056 1118 4138; x_wconf 80' lang='lat' dir='ltr'>non</span> <span class='ocrx_word' id='word_1_388' title='bbox 1154 4031 1407 4142; x_wconf 64' lang='lat' dir='ltr'>pollent</span> <span class='ocrx_word' id='word_1_389' title='bbox 1424 4085 1447 4125; x_wconf 85' lang='lat'><strong>,</strong></span> <span class='ocrx_word' id='word_1_390' title='bbox 1503 4035 1843 4147; x_wconf 54' lang='lat' dir='ltr'>magistros</span> <span class='ocrx_word' id='word_1_391' title='bbox 1874 4042 2131 4144; x_wconf 61' lang='lat' dir='ltr'>navium</span> <span class='ocrx_word' id='word_1_392' title='bbox 2167 4036 2429 4145; x_wconf 51' lang='lat' dir='ltr'>obfides</span> <span class='ocrx_word' id='word_1_393' title='bbox 2450 4024 2755 4209; x_wconf 52' lang='lat' dir='ltr'>promiti?²</span> 
     </span>
    </p>
   </div>
  </div>
 </body>
</html>
