2900 4628
394 164 1436 257 HrsTokrAR'vM
1524 176 1768 257 tin.
1853 178 1977 283 vn
2143 126 2381 277 ’ω’

121 294 523 370 remiffiones
547 295 691 368 fitis
712 298 1048 394 placebant
1068 330 1085 381 3
1134 309 1287 369 tunc
1307 298 1711 371 occultandis
1730 300 2004 371 confiliis
2024 278 2277 398 legebass
2302 366 2303 369 ,
2323 322 2374 379 ,1
2387 314 2545 403 597⁸·

120 413 227 464 tur
249 444 271 476 ,
318 397 468 485 quia
490 391 672 461 locus
686 387 823 485 ipfie
845 391 925 461 ad
946 390 1141 460 multa
1167 394 1417 462 medius
1439 392 1681 465 nullum
1703 397 1942 464 itineris
1968 394 2279 466 indicium'

115 484 375 583 praebet
410 509 438 553 τ
470 484 651 557 unde
668 489 928 581 gravior
951 488 1202 556 Batavis
1224 500 1302 554 ex
1324 489 1577 564 incerto
1598 507 1804 556 metus
1827 518 1846 569 3
1884 485 2035 555 dum
2050 491 2280 580 prbxi-

114 584 240 656 mis
270 578 633 648 Brabantiae
654 576 918 648 urbibus
944 581 1017 646 &
1040 578 1482 648 Zelandorum
1503 578 1711 648 insulis
1728 583 1987 648 timetur
2010 633 2029 661 ,
2076 576 2280 675 suspe-

112 672 218 742 ἀει
242 675 526 742 maxime
543 672 692 768 gelu
711 724 732 756 ‚
756 693 894 768 quo
913 694 1158 754 amnes,
1180 672 1362 766 quod
1387 672 1516 743 istis
1537 671 1823 770 partibus
1841 671 2280 743 validiffirnurn

112 769 598 839 munimentum
617 762 709 834 est
737 817 756 849 ,
801 762 1053 835 facilem
1074 769 1304 857 quovis
1344 764 1590 836 aditum
1614 764 1960 835 ostentant.
2011 771 2069 833 A
2093 762 2279 834 fadis

109 859 321 931 aliena
345 883 483 927 non
501 876 634 927 erat
651 857 1141 951 conjecitura‚ibi
1206 862 1376 928 otius
1393 855 1844 943 consediffe‘‚ut
1861 859 2124 929 uberem
2144 861 2283 954 agri

112 960 444 1022 annexum
474 949 616 1021 vice
649 949 944 1045 stipendii
979 972 1156 1048 popu
1181 973 1458 1021 arentur.
1538 955 1866 1023 Monuere
1907 951 2279 1046 Principem

113 1049 234 1142 qui
249 1048 467 1117 vicina
487 1042 765 1141 praefidia
784 1041 1093 1114 curabant
1127 1044 1444 1142 rapiendae
1464 1044 1822 1117 occasionis
1845 1098 1865 1130 ‚
1907 1060 1977 1114 ut
2001 1082 2022 1129 5
2070 1049 2275 1139 prius·-

97 1161 316 1235 ·quam
336 1135 425 1207 illi
557 1137 884 1235 gescerent
899 1140 1106 1232 copiae
1132 1191 1151 1223 ,
1171 1134 1468 1233 perverso
1533 1140 1662 1208 uod
1683 1162 1877 1246 penes
1901 1136 2146 1208 bostem
2166 1149 2280 1207 roz

115 1233 303 1303 boris
328 1250 469 1300 erat
564 1234 1189 1334 :ecipuumxtiatm'n
1209 1230 1492 1302 flaturum
1535 1231 1798 1302 ormido
1820 1228 2272 1304 exsolveretur.

114 1328 326 1420 Spem
348 1322 624 1395 addebat
659 1322 961 1397 lucceflui
1004 1323 1138 1394 dux
1174 1325 1301 1398 illic
1345 1330 1679 1421 copiarum
1713 1324 2038 1396 hostilium
2061 1325 2274 1396 Varax

115 1417 379 1489 Comes
401 1471 420 1502 ‚
439 1418 848 1490 Varembonii
862 1415 1064 1488 frater
1086 1470 1107 1504 ‚
1199 1422 1259 1488 ui
1282 1419 1599 1491 bellorum
1618 1423 1985 1516 inexpertus
2010 1472 2029 1503 ‚
2052 1432 2272 1512 neque

116 1532 291 1583 certa
312 1510 458 1608 ipse*
472 1513 875 1608 providentia
903 1567 923 1598 ‚
960 1535 1079 1583 nec
1101 1535 1137 1581 a
1186 1512 1453 1582 modurn
1495 1512 1859 1584 'volentibus
1887 1511 2274 1607 imperpbate

121 1607 244 1677 Sed
268 1625 497 1675 contra
516 1607 795 1677 terrebat
815 1659 835 1690 ,
861 1608 1045 1702 quod
1062 1603 1273 1700 sparso
1296 1610 1361 1675 in
1378 1605 1622 1703 oppida
1638 1605 1840 1674 milite
1858 1607 2125 1701 longum
2151 1628 2274 1673 co·

167 1704 254 1769 ias
270 1701 722 1795 machinasque
762 1704 829 1769 in
852 1724 1050 1771 unum
1088 1699 1471 1769 contrahere
1497 1752 1518 1785 ,
1550 1699 1930 1794 impeditum
1955 1704 2075 1768 iter
2094 1698 2274 1795 gravi

120 1722 380 1887 hyeme,
409 1816 529 1863 nec
553 1798 638 1864 ita
662 1813 873 1863 tamen
890 1790 1129 1891 frigida
1148 1844 1168 1876 ‚
1213 1811 1282 1861 ut
1301 1794 1419 1862 viae
1441 1789 1840 1862 durescerent
1866 1815 1883 1858 ε
1907 1796 2141 1861 interea
2160 1810 2273 1861 ex*

120 1884 449 1956 auditurus
471 1885 668 1957 hostis
687 1940 707 1972 ‚
821 1890 1019 1956 ritura
1039 1884 1318 1956 consilia.
1366 1887 1528 1981 Spes
1546 1889 1700 1958 vicit
1719 1917 1741 1970 3
1792 1888 1866 1953 &
1883 1884 2278 1957 difficultati-⁶

121 1976 266 2064 buS,
286 2000 420 2073 qua
438 1980 654 2072 potuit
674 2032 695 2065 ,
715 1908 1091 2051 AEbventum
1110 2031 1131 2063 ,
1150 1975 1399 2048 secretis
1419 1978 1500 2055 ad
1525 1978 1721 2048 duces
1741 1981 2025 2075 imperiis
2052 2031 2069 2062 ,
2139 1978 2281 2046 arab·

119 2076 339 2168 tisque
358 2072 662 2145 omnibus
683 2095 830 2170 quae
847 2070 1315 2146 festinationem
1333 2072 1724 2164 adjuvarent.
1775 2076 1940 2144 Iuvit
1967 2075 2041 2140 &
2090 2075 2279 2139 ortu·—

120 2182 196 2236 ua
215 2161 505 2236 resoluto
526 2165 920 2261 aliquantum
936 2165 1080 2263 gelu
1107 2168 1180 2234 &
1196 2165 1365 2237 ficco
1385 2186 1598 2237 tamen
1622 2165 1822 2236 coelo.
1871 2169 2119 2248 Locus,
2136 2174 2276 2257 quo

166 2258 424 2338 raedieaea
457 2266 876 2331 convenirent
898 2314 917 2347 ‚
962 2259 1197 2356 placuit
1224 2258 1755 2358 Gertrudisberga
1781 2313 1800 2346 ,
1847 2258 1965 2332 fitu
1985 2268 2275 2329 remotus

201 2353 282 2425 ud
307 2355 474 2424 ultra
496 2351 601 2424 sex
619 2355 919 2427 horarum
943 2359 1065 2424 iter
1085 2407 1104 2439 ,
1151 2358 1225 2423 δε
1247 2359 1395 2449 quia
1431 2354 1739 2451 plurimus
1776 2357 2020 2424 circum
2046 2374 2275 2447 equeS,

128 2468 342 2519 caetera
363 2472 558 2519 amne
577 2445 767 2519 Mosa
789 2450 1100 2520 devehere
1116 2472 1190 2518 ac
1217 2446 1560 2520 subvehere
1581 2461 1858 2545 pronum
1879 2465 2031 2517 erat.
2090 2445 2275 2516 lndi-

122 2540 254 2611 &us
275 2543 411 2613 dies
429 2542 742 2614 coeundo
763 2548 974 2638 periit.
1028 2541 1297 2613 Postero
1339 2544 1646 2640 Princeps
1668 2546 1823 2637 quin
1876 2563 1956 2610 ue
1977 2539 2275 2634 peditum

126 2633 307 2706 millia
323 2689 345 2721 ‚
383 2640 645 2734 equites
662 2638 1078 2733 octingentos
1097 2635 1313 2706 educit
1336 2688 1356 2720 ‚
1378 2640 1493 2731 qui
1515 2636 1709 2708 noete
1730 2636 1808 2706 ad
1881 2656 1943 2704 ta
1962 2631 2275 2702 Ravelam

127 2747 456 2822 pervenere
494 2781 515 2815 ,
553 2753 700 2800 cum
723 2735 1065 2800 tormentis
1084 2728 1428 2803 muralibus
1455 2729 1715 2801 duobus
1743 2782 1763 2814 ‚
1806 2724 2272 2823 campestribus

121 2824 388 2893 totidem
411 2850 431 2894 ε
451 2845 727 2920 crepera
741 2823 884 2895 luce
903 2878 924 2908 ,
959 2839 1033 2894 ut
1054 2821 1112 2894 {e
1129 2822 1398 2894 dedisset
1419 2822 1675 2895 occafio
1700 2877 1721 2908 ,
1745 2844 1856 2892 aut
1877 2826 2274 2890 munimenta

125 2937 173 2982 0
217 2924 560 3013 pugnaturi
599 2916 821 2989 lciriter
856 2922 1132 2988 excitata
1149 2968 1170 3001 ‚
1207 2935 1320 2986 aut
1359 2921 1424 2985 in
1464 2938 1695 3013 aperto
1735 2915 1938 2985 ausuri
1961 2912 2271 3011 praelium,

127 3041 136 3046 ·
194 3016 325 3081 nius
347 3023 629 3108 namque
649 3012 797 3082 hinc
819 3010 898 3086 ad
934 3010 1143 3082 hostes
1170 3011 1345 3080 horae
1365 3013 1486 3079 iter
1502 3009 1775 3079 restabat
1803 3063 1824 3096 ,
1862 3013 1974 3103 qui
1994 3026 2273 3103 praecura

136 3103 405 3176 rentibus
432 3108 678 3176 nuntiis
699 3107 892 3175 exciti
921 3158 944 3190 ,
989 3129 1069 3174 an
1103 3101 1276 3173 forte
1311 3102 1669 3197 conspectis
1702 3102 1956 3197 ignibus
1981 3112 2151 3195 quos
2170 3119 2274 3166 rea

129 3190 414 3269 'fovendis
435 3199 831 3294 corporibus
864 3201 1082 3269 Batavi
1108 3196 1459 3267 struxerant
1482 3248 1502 3280 ‚
1551 3193 1824 3265 diverlas
1848 3200 1912 3265 in
1936 3193 2273 3263 sententias

135 3288 259 3357 iere
296 3313 314 3358 ε
351 3304 490 3387 pars
514 3282 688 3365 intra
715 3295 1110 3361 munimenta
1128 3290 1461 3386 opperiri,
1511 3311 1658 3383 pars
1683 3289 1912 3358 rectius
1933 3282 2275 3355 ceniebant

139 3401 459 3457 occurrere
476 3385 653 3457 ultro
672 3383 839 3456 fellis
860 3388 1085 3455 itinere
1103 3389 1178 3454 δε
1202 3405 1402 3453 coeno
1422 3379 1826 3452 madentibus
1849 3433 1871 3468 ,
1894 3391 2101 3474 neque
2119 3395 2277 3447 vero

137 3470 298 3544 -hanc
331 3476 652 3552 Maur-itio
683 3478 1163 3575 relinquendam
1195 3477 1467 3574 gloriam
1496 3531 1518 3564 ,
1565 3474 1745 3639 auod
1786 3473 1965 3543 miles
2003 3492 2178 3542 vetus
2198 3474 2276 3539 δε
2379 3507 2386 3520 ·

138 3570 255 3658 qui
272 3564 500 3643 famam
539 3573 693 3646 belli
733 3572 1055 3654 sustineret
1073 3624 1094 3661 ‚
1131 3567 1427 3643 adversus
1444 3571 1562 3641 hau
1634 3568 1841 3639 multo
1862 3569 2134 3662 majores
2148 3581 2274 3636 ‘co-⁶

142 3659 279 3749 1³5ss
296 3666 571 3758 praelium
601 3664 1022 3738 detrustaffet.
1073 3666 1202 3738 Sed
1239 3665 1529 3763 plerique
1569 3666 1790 3734 timori
1828 3659 2087 3733 honesta
2107 3682 2271 3757 prat-⁴

149 3749 478 3830 tendebant
516 3787 534 3830 ε
579 3762 938 3833 cedendum
956 3763 1176 3868 potius
1193 3763 1457 3854 integris
1475 3759 1713 3832 viribus
1736 3811 1756 3843 ,
1795 3781 1942 3829 cum
1966 3778 2095 3826 non
2117 3770 2274 3852 pro·

152 3841 256 3912 cul
274 3841 420 3919 effet
451 3855 885 3927 Herentalium
926 3858 1067 3926 hdo
1089 3872 1352 3950 receptu
1382 3877 1414 3937 ‘3
1465 3876 1584 3924 nec
1601 3857 1834 3928 virtute
1852 3865 1971 3923 nec
2011 3849 2273 3940 fortuna

149 3934 414 4034 prodige
430 3950 755 4021 utendum.
810 3952 982 4042 Qo
1014 3971 1165 4019 cum
1194 3953 1269 4016 «Sc
1307 3947 1519 4020 Varax
1637 3970 1791 4020 vore
1827 3942 2126 4017 confusus
2160 3959 2273 4013 aca-

150 4028 396 4118 S‘dssl'sst
415 4085 437 4128 ‚
479 4044 797 4146 praevaluit
832 4044 1168 4119 confilium
1220 4045 1471 4210 rsurpius
1506 4047 1528 4116 i
1615 4066 1681 4113 m
1719 4047 1790 4112 δε
1832 4037 2279 4197 ρετίευὶιίἓὲἒ

245 4175 250 4184 .
1311 4157 1364 4209 2
1638 4177 1641 4182 .
