2900 4628
578 218 708 282 260
993 186 1650 301 Hvo'oNts
1759 202 2293 278 GR0T11

274 315 490 408 1596.
577 324 789 391 tiones
808 314 974 388 cum⁷
997 314 1312 390 fructibus
1330 336 1711 416 comparans
1738 369 1759 402 ‚
1806 313 1960 386 dum
1982 312 2208 387 avidos
2240 308 2513 386 nimium
2530 330 2729 386 coni·

333 442 340 449 ⁴
574 435 682 483 tus
693 412 993 511 gravibus
1046 410 1318 484 versuris
1356 411 1471 483 alit
1492 464 1513 498 ‚
1565 413 1852 523 inopiam
1890 408 2319 506 producebat.
2387 411 2576 479 Nam
2609 418 2734 502 ’ςκ-

572 512 730 578 teris
761 508 1122 602 potentiam
1166 506 1489 577 debitoris
1538 500 2036 601 suspefflntibus
2084 505 2324 598 reperti
2367 505 2615 573 Genuae
2654 505 2733 570 δε

619 625 689 671 er
719 602 1134 673 Germaniam
1172 602 1614 696 negotiatores
1643 650 1664 683 ,
1709 600 1824 691 qui
1863 601 2022 694 regii
2063 600 2453 667 commercii¹
2472 598 2736 692 pericu·

599 720 646 765 o
684 697 983 792 pecunias
1024 692 1426 763 auctitarent.
1520 695 1647 761 His
1697 686 2310 786 traditum'pigno'ri
2359 689 2495 760 fere
2527 692 2736 783 qua'n-

572 809 714 867 tum
733 806 872 858 erat
891 785 1056 859 vecti
1165 791 1297 857 ium
1347 808 1368 854 ε
1416 788 1531 882 qui
1550 786 1747 855 maris
1776 780 2060 879 bellique
2077 786 2360 870 incerta,
2405 781 2739 877 trajefflo-

571 884 1037 955 nisincommo
1083 905 1165 966 a,
1212 878 1431 950 foenus
1469 876 1670 976 ipsum
1708 876 1838 948 fine
1862 878 2069 948 modo
2092 881 2182 947 im
2232 895 2480 947 utantes
2506 927 2528 959 ,
2573 896 2737 947 ven-

571 996 758 1047 turos
779 980 846 1046 in
863 972 1135 1071 longum
1152 971 1393 1045 reditus
1427 982 1903 1071 praeverterunt.
1953 975 2054 1041 Ita
2069 970 2165 1040 ob
2189 967 2324 1040 effo
2369 993 2408 1039 a
2443 966 2736 1039 credito·-

573 1071 752 1144 ribus
771 1072 995 1139 aerario
1020 1123 1041 1157 ‚
1088 1066 1256 1139 unde
1298 1071 1561 1138 nomina
1600 1082 1999 1163 expungeret
2019 1117 2040 1151 ‚
2088 1084 2198 1135 aut
2214 1085 2543 1133 armorum
2564 1060 2737 1132 ffim-

576 1186 684 1255 tus
705 1163 1016 1235 toleraret
1042 1215 1062 1248 ,
1110 1160 1270 1232 nihil
1300 1163 1475 1258 Regi
1507 1158 1880 1256 suppetebat
1907 1191 1929 1245 3
1978 1157 2192 1231 donec
2208 1159 2343 1252 ejus
2376 1154 2738 1252 aulaeingee

572 1265 680 1330 nia
708 1310 729 1343 ‚
765 1253 1164 1353 praesentium
1205 1260 1409 1350 magis
1431 1254 1695 1336 sollicita
1732 1273 1925 1348 quam
1948 1252 2214 1350 provida
2234 1251 2433 1337 futuri
2457 1302 2480 1335 ,
2527 1270 2738 1321 artem

573 1373 803 1450 parum
830 1351 1147 1435 ‚decoram
1180 1352 1510 1419 inveniunt
1558 1370 1578 1415 ε
1629 1369 1824 1442 quam
1861 1348 2011 1418 Rex
2040 1346 2289 1419 secutus
2333 1342 2553 1417 mense
2573 1346 2739 1415 No-

574 1444 821 1525 vembri
842 1442 1040 1540 longa
1055 1442 1251 1513 ediai
1290 1445 1675 1513 circuitione
1714 1429 1957 1511 disserit
1986 1444 2393 1520 atrocitatem
2414 1438 2734 1525 foenoris3

565 1539 781 1636 jacere
797 1559 1015 1633 agros»,
1037 1538 1244 1628 jacere
1265 1538 1682 1607 mercimonia
1705 1588 1724 1619 ,
1746 1538 1928 1630 regni
1948 1534 2309 1633 veetigalia,
2331 1533 2617 1604 decimas
2638 1528 2740 1604 sa-

572 1631 918 1703 cerdotum
940 1655 975 1701 a
998 1629 1321 1701 Pontifice
1343 1630 1457 1702 fibi
1477 1627 1798 1702 concessas
1819 1682 1840 1716 ‚
1860 1628 2097 1701 tributa
2114 1628 2508 1727 populorum
2532 1680 2554 1713 ,
2574 1650 2738 1698 cun-

357 1756 369 1766 ·
470 1748 473 1752 “
576 1726 682 1795 &a
717 1726 992 1797 detineri
1022 1725 1428 1827 iniquiffimis
1463 1722 1871 1820 paetionibus
1918 1776 1940 1808 ,
2037 1748 2143 1794 uas
2186 1721 2740 1818 metns‘pejorum

360 1909 363 1912 ἦ
579 1817 968 1890 extorsisset.
1029 1819 1262 1890 ‘Plane
1280 1838 1385 1888 tot
1403 1815 1549 1889 suos
1614 1842 1694 1904 ,ro
1730 1818 1985 1891 refChri
2045 1826 2178 1888 ‘ana
2206 1818 2452 1888 lab‘ores
2472 1837 2741 1910 perver7

300 1917 552 2002 reaigalip
589 1917 669 1998 ti,
696 1917 762 1982 ni
784 1918 977 1984 tantis
997 1912 1475 1983 neceffitatibus
1514 1909 1580 1981 su
1629 1917 1972 1984 veniretur.
2020 1912 2211 1983 Haud
2245 1911 2362 1981 alia
2383 1909 2734 2001 verborum

287 2008 558 2075 oeneragon-
593 2005 801 2106 specie
814 2028 1063 2078 exemta
1081 2007 1339 2080 vinculo
1355 2012 1631 2103 pignora
1657 2060 1676 2092 ‚
1701 2010 1800 2076 Re
1852 2004 2016 2078 i‘suae
2040 2004 2446 2103 posseffiones
2466 2055 2488 2088 ,
2524 2000 2741 2072 foene-

263 2075 566 2193 ,ἷξζζὲἕζ
594 2097 1070 2195 tatoribus'spes
1090 2100 1305 2185 reliQa
1355 2124 1374 2169 :
1425 2107 1504 2169 δι
1527 2101 1645 2193 hac
1680 2029 1946 2197 quigem
1964 2100 2143 2197 lege,
2189 2120 2263 2172 ut
2286 2154 2307 2188 ‚
2352 2096 2536 2193 quod
2554 2095 2739 2195 supra

260 2203 412 2289 fidem
447 2205 559 2292 Ρζή.
589 2197 908 2292 legitimas
929 2205 1141 2267 uiuras
1158 2193 1504 2290 depensum
1523 2215 1706 2281 erat,
1755 2193 1992 2275 sortem
2009 2198 2342 2267 minueret.
2441 2192 2598 2261 Pars
2620 2196 2741 2261 'in-

262 2278 413 2406 gflssm
435 2295 556 2362 ΡΨ·
591 2295 778 2361 ter-im
816 2309 1044 2384 magna
1075 2287 1403 2383 provoluti
1439 2286 1887 2377 facultatibus,
1928 2304 2299 2386 'quanquam
2339 2289 2417 2357 δε
2441 2285 2546 2356 alii
2584 2282 2737 2355 falla

376 2363 526 2426 σφ’·
587 2388 979 2479 paupertatis
1013 2380 1220 2478 specie
1256 2384 1339 2456 ad
1378 2384 1687 2478 quaestum
1710 2384 2180 2455 abutebantur.
2276 2384 2361 2452 Et
2382 2382 2607 2478 perBe
2682 2381 2740 2433 '-

580 2500 722 2546 cam
751 2474 1114 2562 ‘nonnullos
1160 2491 1475 2546 connexu
1522 2476 1846 2552 rationum
1888 2476 2114 2550 eadem
2163 2475 2488 2547 calamitas
2522 2475 2660 2567 imp
2688 2473 2739 2541 i-

544 2573 736 2641 ·cuit.
823 2569 1166 2641 Archidux
1207 2589 1380 2668 certe
1401 2570 1716 2666 perculsus
1764 2577 1858 2643 rei
1899 2574 2268 2642 nummariae
2310 2571 2533 2664 inopia
2568 2569 2742 2636 inter

577 2660 1048 2758 inexplicabilia
1080 2663 1310 2733 damna
1343 2669 1541 2734 traxit
1561 2687 1797 2736 annum
1816 2665 1876 2737 le
1925 2684 2181 2741 nentem
2231 2687 2251 2733 ε
2301 2670 2449 2744 cum'
2469 2657 2739 2732 tandem

578 2756 660 2826 ad
703 2777 918 2829 vetera
954 2755 1231 2826 reditum
1264 2755 1358 2828 est
1381 2808 1403 2843 ,
1450 2782 1585 2829 non
1620 2777 1751 2830 tam
1783 2690 2034 2856 pudore
2064 2756 2518 2855 appellantium
2540 2806 2561 2840 ‚
2608 2753 2740 2850 qui

578 2847 781 2921 fidem
802 2850 1050 2945 periisse
1066 2849 1425 2923 clamabant
1454 2905 1475 2938 ‚
1522 2852 1569 2925 fi
1591 2854 1790 2949 pactis
1824 2852 2117 2949 potestas
2139 2854 2314 2949 regia
2333 2848 2740 2934 misceretur,
2842 2851 2845 2856 ’

581 2963 776 3038 quam
798 2950 950 3041 quia
970 2967 1266 3042 tempora
1285 2967 1711 3041 proventuum
1726 2951 1895 3020 varia
1912 3000 1934 3033 ‚
1956 2953 2031 3018 δι’
2049 3004 2072 3033 ,
2090 2971 2217 3044 qua
2235 2948 2511 3042 pecunia
2530 2936 2740 3013 trani?-

361 3097 362 3100 ,
584 3040 709 3108 iret
732 3043 903 3124 ,iter
963 3037 1332 3111 raedonibus
1353 3038 1689 3132 infestum,
1736 3062 1804 3112 at
1822 3040 1971 3114 belli
2008 3063 2206 3116 onera
2239 3035 2509 3135 praesens
2524 3056 2744 3107 reme·-

266 3134 434 3192 fidem
447 3131 563 3207 '‘fi-
588 3131 767 3204 dium
814 3157 905 3230 po
1005 3134 1159 3206 lant.
1250 3135 1418 3205 Non
1448 3153 1662 3206 tamen
1684 3155 1834 3207 ante
1863 3133 2133 3207 redditis
2215 3132 2551 3232 ignoribus
2568 3127 2741 3199 fides

267 3205 563 3335 ῗζῖοζξζζξ
588 3224 822 3300 refecta
841 3226 936 3304 est
953 3281 975 3316 ‚
1021 3250 1220 3326 quam
1240 3231 1305 3299 in
1341 3223 1584 3299 menses
1613 3234 1966 3301 continuos
1984 3230 2143 3299 οᾶο
2190 3250 2356 3298 ecim
2374 3224 2571 3298 millia
2593 3224 2742 3292 Du-

268 3341 381 3410 am
587 3344 880 3393 catorum
915 3344 1142 3419 quater
1176 3317 1443 3393 centena
1481 3321 1563 3394 ad
1585 3320 1822 3394 sortem
1858 3313 2137 3397 veterem
2157 3317 2459 3420 promissa
2489 3317 2736 3414 adjici,

591 3439 878 3513 quorum
898 3440 1043 3513 pars
1080 3421 1268 3488 tertia
1301 3420 1368 3488 in
1404 3416 1701 3513 Hispanis
1727 3469 1748 3502 ‚
1794 3417 2115 3514 reliquum
2134 3418 2499 3486 mutatione
2520 3413 2741 3484 nomi-

383 3583 386 3588 ,
587 3531 745 3581 num
809 3514 980 3581 intra
1043 3510 1156 3582 Bel
1206 3514 1367 3581 icam
1435 3507 1895 3583 numeraretur.
1993 3509 2189 3607 Apud
2255 3514 2532 3580 Batavos
2573 3519 2743 3590 vero

305 3631 512 3721 Nm
592 3622 905 3698 quantum
929 3607 1127 3677 Italiae
1149 3535 1351 3675 {mes
1373 3601 1738 3691 remiserat,
1784 3605 2160 3676 tantundem
2198 3605 2426 3700 privati
2462 3597 2743 3698 publici·

414 3725 568 3792 Bm,
592 3719 724 3792 que
746 3697 1483 3780 reditustninuebantur.
1578 3702 1795 3792 Qeis
1828 3696 2188 3796 supplendis
2226 3694 2537 3767 Hollandi
2559 3745 2580 3780 ,
2625 3714 2747 3763 ve-

268 3804 561 3880 vosivstieu-
594 3792 840 3861 teribus
877 3793 1293 3891 ve&igalibus
1337 3796 1562 3888 onitava
1590 3792 1679 3865 sui
1720 3814 1899 3888 parte
1927 3792 2212 3863 adauffis
2238 3845 2258 3877 ‚
2305 3799 2549 3880 novum
2568 3782 2747 3861 iusu-

268 3891 381 3934 eum
412 3881 564 3937 “W-
594 3907 713 3983 per
729 3886 1103 3973 instituunt,
1154 3908 1290 3980 quo
1305 3890 1524 3962 luxum
1542 3886 1930 3961 crescentem
1951 3885 2157 3968 indies
2179 3904 2556 3956 coercerent
2575 3935 2596 3967 ,
2627 3899 2747 3951 aut

298 3948 566 4081 2:321.
594 3999 769 4050 certe
803 3981 1045 4051 infisus
1086 3991 1425 4054 verterent.
1478 3977 1727 4053 India-a
1758 3983 1851 4054 e‘st
1881 3985 2152 4078 pecunia
2190 3981 2286 4060 lris
2318 3983 2431 4078 qui
2466 3976 2743 4049 sericum

270 4095 503 4159 minim.
596 4082 671 4148 δι
705 4076 774 4150 id
812 4099 1016 4173 genus
1056 4076 1178 4151 alia
1214 4077 1493 4173 pretiosa
1523 4076 1790 4162 vestium
1810 4074 2090 4151 ferrent.
2157 4073 2289 4154 Sed
2324 4074 2435 4150 ubi
2470 4070 2742 4234 exaffaost

613 4205 626 4210 ’
685 4207 690 4211 ’
2340 4203 2349 4208 “
2546 4187 2634 4264 ‘1¹¹
2722 4253 2745 4263 -
