2900 4628
617 225 859 313 384*
1054 216 1712 294 HVGONIS
1830 221 2363 292 onorii

349 335 554 403 1600.
619 336 885 431 triginta
922 322 1290 404 vulneribus
1320 331 1686 404 conficiunt
1724 354 1746 400 τ
1793 330 2001 430 digno
2031 330 2369 429 probrofis
2410 329 2780 405 bominibus

621 426 952 511 facinore3
1006 432 1085 498 &
1119 427 1522 498 documento
1555 448 1771 498 tamen
1790 426 1963 524 apud
1984 434 2462 523 magnanimam
2490 427 2784 499 'uventut-

621 540 758 593 tem
781 576 802 608 ,
832 513 934 592 ‚ne
964 518 1113 609 falsa
1144 526 1397 594 virtutis
1431 524 1714 618 imagine
1750 520 1819 592 id
1843 542 2049 618 genus
2066 524 2420 593 certamina
2526 523 2781 610 edient,

624 616 798 687 unde
834 637 955 686 nec
990 614 1261 687 victoria
1279 620 1344 685 in
1369 614 1699 711 publicum
1717 615 1889 691 utilis
1914 667 1937 702 ,
1986 618 2061 684 &
2083 638 2260 697 mors
2278 639 2314 685 a
2406 613 2451 686 d
2474 610 2783 711 sapientes

626 710 786 783 nihil
806 710 1007 804 majus
1027 713 1212 783 venia
1235 730 1542 781 meretur.
1610 713 1977 804 Hyemante
1996 706 2206 781 adbuc
2222 733 2331 780 coe
2354 735 2399 782 o
2427 764 2448 796 ,
2491 732 2580 781 ne
2592 734 2788 781 occa-

629 804 723 876 fio
754 804 1038 875 efflueret
1063 857 1083 889 ‚
1130 826 1327 901 quam
1358 803 1763 875 turbamenta
1801 802 2082 875 bostium
2114 803 2355 876 dabant
2377 859 2400 891 ,
2439 804 2785 901 *improvisa

242 890 247 895 ’
318 893 589 977 mrum
626 897 1195 973 claffe'Mauritius
1234 901 1311 967 &
1341 898 1476 968 alio
1511 896 1730 995 sparfis
1766 896 1919 968 belli
1953 899 2324 995 rumoribus
2363 952 2385 985 ,
2439 898 2781 996 Crepicor·

298 972 537 1040 C'⁶P⁸⁶⁰'‘
627 992 807 1064 dium
829 1046 850 1078 ‚
887 991 1210 1064 castellum
1232 990 1406 1063 Disae
1426 989 1765 1088 Mosaeque
1781 991 2080 1086 adjacens
2099 1010 2127 1080 ⁴,
2175 994 2395 1065 triduo
2413 998 2480 1064 iu
2501 993 2782 1065 deditio-
2845 1080 2852 1085 ‚

297 1037 447 1097 dium
471 1056 551 1094 σκ-
946 1090 958 1101 .
1235 1089 1248 1105 .
1540 1090 1553 1102 .
1867 1090 1880 1102 .
2659 1093 2671 1105 .

290 1121 480 1184 pugnat
503 1153 521 1179 ‚
629 1111 779 1158 nem
807 1107 1015 1184 cogit.
1083 1089 1350 1183 Eqmtes
1388 1085 1668 1157 hostiurn
1695 1138 1717 1172 ,
1767 1108 1883 1182 qui
1907 1086 2293 1159 firmandum
2314 1088 2394 1158 ad
2423 1088 2782 1185 praefidmm

286 1181 475 1327 Je‘quim
505 1181 591 1264 ¹30-
627 1178 769 1252 sero
786 1200 1091 1275 venerant
1115 1234 1136 1268 ‚
1166 1204 1286 1255 nec
1305 1179 1680 1278 Sylvaducis
1704 1233 1725 1266 ,
1772 1199 2100 1252 metuente
2118 1179 2366 1279 semper
2384 1181 2605 1254 militis
2624 1186 2782 1256 civi-

338 1270 594 1328 “m'ffm‘
627 1296 808 1363 tate,
852 1280 979 1346 reci
1031 1276 1326 1373 iebantur
1351 1330 1373 1363 ‚
1419 1274 1560 1346 caefi
1593 1274 1800 1345 ferme
1827 1274 1911 1345 ad
1979 1280 2087 1346 uin
2133 1296 2353 1348 entos.
2423 1280 2650 1375 Opera
2676 1300 2786 1349 ca-

296 1393 395 1452 die.
628 1368 970 1447 stelliMen
1017 1370 1145 1442 oste
1160 1371 1391 1457 auch,
1439 1370 1889 1468 Mauritiuspe
1953 1374 2031 1449 ci
2039 1372 2111 1466 ju
2198 1392 2256 1442 t.⁴
2315 1371 2477 1442 Inde
2495 1373 2785 1443 Andrea-

335 1465 572 1524 Andm-
627 1488 782 1534 num
818 1469 1060 1560 petitur
1079 1488 1119 1550 ,·
1148 1465 1263 1536 ubi
1296 1463 1480 1535 miles
1521 1467 1887 1537 Germanus
1919 1468 1997 1534 δε
2033 1467 2228 1539 Walo
2248 1466 2489 1538 exaffis
2513 1466 2786 1539 ducibus

299 1556 426 1667 ΞΥ
452 1537 572 1616 obss.
616 1558 835 1656 palam
877 1557 1150 1654 quidem
1187 1557 1567 1631 seditionem
1602 1556 1921 1647 fatebatur
1942 1612 1964 1646 ‚
2015 1563 2090 1629 &
2112 1559 2301 1643 miffo
2319 1560 2584 1649 bai-lota
2610 1614 2631 1648 ‚
2726 1565 2789 1633 ui

282 1684 285 1687 ²
384 1649 399 1665 ⁰
624 1651 830 1747 specie
846 1652 1284 1749 expeditionis
1304 1652 1612 1738 eliceret,
1653 1656 1958 1729 vitaverat
1985 1653 2277 1727 fraudem
2316 1677 2336 1723 ε
2375 1650 2482 1726 sed
2503 1654 2643 1726 n'on
2713 1679 2791 1727 ne

622 1754 733 1842 ipe
764 1750 967 1818 veniae
1002 1746 1263 1818 tenebat
1301 1745 1575 1821 validam
1606 1750 2038 1827 munitionem
2062 1801 2085 1836 ‚
2133 1769 2203 1820 ut
2245 1751 2482 1848 pignus
2514 1754 2584 1822 in
2606 1751 2825 1822 debi-‘

622 1862 689 1912 ta
708 1845 907 1933 trium
922 1865 1242 1927 annorum
1263 1838 1615 1940 stipendia:
1643 1841 1772 1914 hoc
1802 1845 2198 1939 pertinacior
2214 1847 2283 1916 in
2303 1845 2557 1916 hostem
2582 1897 2606 1931 ‚
2640 1848 2790 1943 quia

623 1940 839 2008 minus
875 1959 1000 2033 pro
1036 1936 1413 2028 transitione
1452 1940 1731 2033 pretium
1764 1932 2165 2009 offerebatur
2187 1991 2209 2024 ,
2261 1960 2458 2034 quam
2495 1938 2663 2009 salvo
2702 1937 2790 2010 fi-

530 2118 535 2121 *
569 2042 573 2047 ’
620 2054 957 2115 eramento
999 2035 1074 2100 &
1104 2030 1290 2102 fama'
1308 2028 1687 2103 secundiore
1722 2028 2028 2128 consequi
2071 2027 2257 2129 posse
2297 2032 2610 2131 sperabat.
2681 2032 2788 2105 Ad

625 2123 1038 2197 refistendum
1077 2125 1389 2196 machinae
1418 2121 2055 2223 aliquae-supererant
2092 2151 2112 2196 τ
2163 2126 2398 2200 vallum
2439 2124 2645 2226 ipfiim
2682 2151 2788 2196 ar-

624 2225 723 2291 cis
744 2218 1161 2317 inspeciem:
1198 2220 1348 2290 bina
1365 2220 1933 2318 propugnaculain
1954 2219 2214 2293 Mosam
2237 2276 2258 2307 ‚
2306 2221 2458 2293 bina
2483 2226 2548 2292 in
2575 2221 2787 2291 vaha-

623 2313 766 2401 lim,
791 2319 1088 2410 quintum
1111 2318 1178 2385 in
1200 2313 1596 2386 Harvardam
1619 2318 1996 2411 prominens
2035 2340 2055 2386 :
2105 2322 2353 2399 circum
2378 2312 2556 2401 roffi,
2584 2320 2659 2385 δε
2682 2312 2789 2386 ul-

526 2493 549 2503 „
625 2429 726 2479 tra
764 2408 928 2478 hanc
963 2429 1272 2506 perpetua
1290 2407 1493 2479 lorica
1516 2461 1538 2495 ,
1584 2413 1947 2506 iterumque
1967 2408 2128 2481 {offa
2153 2467 2172 2498 ,
2225 2435 2354 2508 qua
2368 2433 2578 2481 amnes
2595 2432 2791 2480 com-

626 2502 1074 2574 mittebantur.
1145 2509 1361 2574 Tanta
1383 2502 1920 2601 operumfiducia
1944 2558 1964 2590 ,
2002 2526 2075 2597 ut
2095 2506 2408 2578 Albertus
2433 2559 2454 2591 ,
2489 2526 2712 2576 tenere
2730 2502 2793 2575 fi:

624 2594 890 2668 claustra
928 2594 1267 2669 fluminum
1299 2620 1645 2694 arcemque
1683 2597 2039 2670 cervicibus
2074 2599 2794 2697 Hollandorumimpo-

628 2692 809 2763 fitam
829 2746 849 2778 ,
886 2691 1087 2765 literis
1107 2690 1404 2788 famaque
1431 2693 1872 2782 celebraverit.
1924 2696 2271 2789 Qatndiu
2293 2695 2539 2766 undans
2559 2694 2796 2791 hyber-

628 2791 729 2856 nis
769 2785 1064 2858 amnibus
1083 2786 1287 2858 solum
1307 2783 1614 2858 foffiones
1637 2785 1960 2860 recusabat
1979 2841 2002 2876 ‚
2046 2790 2129 2860 d
2149 2791 2332 2887 pach
2357 2794 2608 2860 invitati
2634 2797 2656 2874 3
2695 2786 2798 2861 fe-

502 2961 508 2967 ,
631 2885 875 2953 rociter
912 2876 1300 2979 respondere
1332 2904 1353 2948 ε
1401 2886 1558 2976 quin
1607 2886 1683 2952 &
1716 2886 2005 2980 captivus
2038 2884 2222 2954 miles
2258 2909 2295 2954 a
2336 2887 2660 2955 Mauritio
2699 2885 2801 2955 di·

629 2973 850 3048 milsus
873 2998 945 3047 ut
965 2977 1367 3047 deditionem
1390 2974 1681 3048 suaderet
1711 3030 1734 3062 ,
1782 2984 1849 3047 in
1873 2977 2365 3050 detestationem
2387 2979 2682 3075 perfidiae
2701 2982 2803 3051 iu·-

630 3075 1007 3156 terimitur„
1038 3095 1159 3144 nec
1201 3071 1346 3142 satis
1385 3070 1625 3156 visum,
1677 3075 1741 3141 ni
1776 3075 2047 3169 peremti
2068 3097 2308 3171 corpus
2330 3076 2395 3144 in
2414 3073 2618 3145 castra
2639 3076 2802 3145 mit-

629 3186 867 3237 terent.
938 3167 1154 3237 Versis
1185 3167 1266 3237 ad
1299 3170 1429 3238 vim
1465 3165 1787 3251 confiliiS‚
1839 3167 1996 3258 nihil
2033 3171 2210 3265 prius
2247 3172 2571 3239 Mauritio
2593 3190 2800 3263 quam

627 3258 845 3331 castris
873 3259 1159 3333 obsessos
1192 3266 1497 3360 cingere,
1546 3265 1620 3342 ὃς
1643 3259 1836 3332 semet
1856 3266 2019 3334 tueri
2036 3284 2263 3334 contra
2282 3269 2410 3336 vim
2428 3284 2814 3346 externam.‚

630 3358 940 3449 Equitatu
973 3352 1229 3427 dimisso
1252 3410 1273 3441 ,
1317 3352 1498 3449 cujus
1518 3355 1671 3427 milli
1692 3351 1831 3437 usus
1856 3349 2266 3429 humentibus
2289 3363 2476 3429 terris
2497 3411 2515 3442 ,
2538 3377 2802 3451 partem

627 3456 965 3547 copiarum
1009 3451 1272 3523 navibus
1293 3504 1314 3536 ,
1409 3447 1673 3520 ontibus
1700 3505 1720 3536 ‚
1765 3473 2010 3546 partem
2025 3453 2265 3523 Tilano
2288 3477 2363 3524 ac
2383 3451 2804 3522 Bommelen-

625 3544 675 3615 fi
704 3569 865 3616 τισι-ο
903 3551 978 3615 &
1014 3551 1223 3642 parvis
1254 3549 1326 3615 ‘in
1358 3475 1585 3614 frabaii
1609 3543 2017 3617 insulislocat
2037 3580 2060 3635 3
2107 3547 2312 3645 ipfirm
2336 3544 2803 3643 roburspargit

625 3605 1012 3711 Brabamica
1048 3645 1183 3738 ripa
1206 3694 1226 3726 ‚
1280 3643 1357 3708 δε
1391 3660 1590 3735 rupto
1626 3662 1864 3737 aggere
1902 3639 2160 3713 Mosam
2193 3641 2297 3717 illa
2329 3637 2684 3724 diffundit,
2727 3659 2800 3709 ut

557 3783 565 3791 ·
630 3739 707 3802 δε
737 3734 1076 3806 Ιίὺεςίυςΐ
1141 3740 1304 3805 tium
1338 3734 1420 3804 ad
1454 3734 2163 3834 molienda‘operaipie
2181 3737 2484 3822 haberet,
2533 3735 2795 3805 &inde

624 3850 902 3902 venturo
942 3830 1031 3899 ho
1088 3834 1106 3898 i
1145 3828 1420 3900 auferret
1457 3833 1649 3898 viam.
1723 3828 1854 3901 Sed
1888 3835 1962 3901 δε
1986 3830 2269 3904 sexlocis
2292 3831 2539 3902 castella
2565 3827 2799 3926 dispo-

553 3919 556 3926 ’
627 3920 794 4008 suit,
843 3929 977 3994 inte
1056 3923 1232 3994 ofitis
1274 3921 1635 3994 minoribus
1672 3929 2088 3996 munimentis
2113 3981 2132 4012 ,
2179 3927 2413 4022 quibus
2453 3921 2802 3995 omnesaed

510 4027 525 4042 ’
628 4016 690 4090 se
731 4017 943 4091 aditus
981 4042 1018 4086 c
1040 4018 1467 4105 truderentur,
1512 4020 1943 4115 augendoque
1979 4027 2213 4092 terrori
2246 4046 2360 4090 arx
2383 4021 2803 4093 Batavobur-

627 4138 783 4213 gum
825 4169 844 4213 ².
917 4110 1124 4182 Mosae
1167 4111 1365 4183 adfita
1413 4117 1489 4183 δε
1529 4117 1757 4194 veteris
1806 4118 2194 4188 Batavorum
2239 4121 2528 4190 nominis
2560 4121 2631 4188 iu
2677 4138 2806 4185 ora

2628 4211 2806 4281 olim
