2900 4628
1763 87 1800 130 ἰ

286 182 1328 301 Hrsroaraitvm
1406 229 1659 296 ΜΒ.
1739 227 2000 297 xvu.
2092 244 2216 315 549

70 340 134 409 ni
156 336 599 411 nificomtnuni
622 338 921 407 omnium
962 334 1297 423 voluntate
1317 360 1453 406 non
1476 335 1757 427 fineret',
1800 342 2034 435 &quat
2052 340 2221 409 inter
2299 338 2499 410 1608.

67 436 339 503 nationes
352 424 770 508 contrQ'veria
785 428 1240 527 praefe&orum
1257 424 1539 502 deferret
1560 429 1858 503 arbitrie.
1911 433 2226 526 Indigna-

62 530 120 615 ri
135 526 256 610 alii,
278 548 351 595 ac
372 524 589 595 dicere
616 548 751 594 non
771 525 901 617 jam
923 522 1006 595 de
1023 522 1296 595 induciis
1316 529 1519 619 quaeri
1539 577 1559 610 ,
1611 521 1717 596 sed
1733 548 1813 595 an
1837 548 1958 598 una
1981 527 2227 599 Zelan-

62 618 165 690 dia
201 617 439 689 cunetis
478 617 689 716 legem
816 638 1021 691 neret.
1099 616 1482 690 calentibus
1522 621 1753 689 animis
1792 623 2226 692 interveniunt

59 736 274 811 regum
309 712 503 809 legati
534 765 555 797 ,
603 714 713 783 vio
737 712 1068 785 entiffimis
1119 733 1654 808 argumentorum
1694 712 1953 785 traauri
1981 766 2004 799 ‚
2053 737 2223 824 quos

61 806 284 878 ducere
325 802 739 901 neqniissentae
786 804 1110 902 Priorque
1158 810 1416 877 Iani-nus
1460 859 1481 892 ,
1529 805 1798 905 prolatis
1828 811 2102 879 Henticr
2139 804 2223 877 ad

58 900 334 973 Ordines
349 899 575 984 literis,
592 903 775 995 queis
796 899 965 971 dicia
984 899 1101 997 ipfi
1120 898 1418 997 factaque
1440 922 1574 972 rata
1593 899 2016 988 habebantur,
2039 898 2220 973 orsus

52 995 303 1069 laudare
322 993 495 1065 bona
513 993 891 1066 concordiae
909 1047 929 1081 ‚
980 1014 1091 1064 aut
1106 993 1379 1069 diverias
1399 1015 1563 1066 citra
1583 1001 2056 1091 contumaciam
2076 994 2213 1068 sen-
2253 1078 2262 1081 ,

51 1094 279 1164 tentias
296 1143 316 1177 ,
352 1088 433 1159 ad
473 1087 914 1182 Trajefflnum
954 1087 1174 1160 foedus
1197 1088 1307 1161 ubi
1336 1092 1518 1163 venit
1546 1142 1567 1176 ,
1592 1092 1764 1162 Non
1788 1089 2074 1162 nostrum
2092 1089 2212 1174 est,
2241 1083 2343 1205 β’
2363 1076 2540 1207 ξιφ-

51 1189 261 1281 inquit
280 1208 320 1272 ,··
344 1200 606 1253 externa
625 1178 780 1253 scita
802 1187 1243 1280 interpretari:
1285 1180 1394 1256 sed
1416 1203 1633 1256 tamen
1653 1187 2023 1256 communis
2041 1188 2210 1255 ratio
2238 1170 2543 1279 agm'q'·

51 1279 289 1365 docet,
336 1276 523 1374 super
561 1274 898 1349 deditione
928 1300 1014 1347 eo
1054 1295 1352 1372 tempore
1375 1330 1398 1363 ,
1439 1301 1575 1349 non
1614 1298 1807 1373 aequo
1847 1277 1933 1349 de
1954 1276 2209 1350 foedere
2237 1294 2550 1352 roedmcau-

51 1379 383 1471 agitatum.
435 1376 518 1443 Et
536 1368 581 1441 fi
599 1395 782 1443 mens
799 1371 892 1444 est
913 1372 1030 1443 alia
1054 1424 1076 1456 ‚
1118 1391 1230 1441 aut
1246 1370 1627 1469 abroganda
1653 1426 1675 1459 ,
1693 1392 1805 1444 aut
1839 1371 2211 1469 seponenda
2234 1366 2393 1449 βας*
2428 1368 2512 1423 “²⁸-

51 1469 158 1540 lex
176 1467 264 1539 est
286 1521 305 1553 ,
326 1466 520 1541 ialute
536 1464 796 1562 publica
818 1470 905 1537 ita
925 1465 1287 1563 postulante
1309 1518 1329 1552 ,
1356 1488 1504 1561 quae
1516 1466 1733 1563 legum
1757 1471 2053 1538 omnium
2075 1463 2213 1538 ian-
2241 1437 2537 1573 ’ἔχω

51 1562 424 1633 ἂίωοιιίειω
445 1565 510 1633 in
536 1556 600 1631 ie
616 1563 939 1633 continet.
992 1562 1177 1633 Nam
1195 1560 1343 1654 quis
1362 1561 1527 1635 alius
1542 1582 1681 1632 erat
1700 1563 1909 1633 exitus
1931 1614 1954 1646 ,
1997 1558 2045 1633 fi
2064 1563 2216 1658 qui·
2461 1544 2477 1567 '

51 1656 204 1728 dem
228 1680 359 1728 non
388 1656 451 1726 hi
479 1650 804 1743 sociorum
843 1676 1069 1751 regum
1076 1650 1346 1749 justius,
1390 1676 1588 1750 quam
1630 1653 1718 1725 illi
1756 1654 2216 1751 praefeaorum

51 1751 307 1823 arbitria
322 1748 635 1835 recusant,
661 1747 847 1845 quod
869 1753 1125 1845 utrique
1145 1749 1206 1818 in
1229 1748 1348 1820 hac
1361 1746 1836 1823 consultatione
1859 1771 2070 1845 partes
2079 1750 2217 1846 jam

51 1847 355 1918 fecerint.
396 1842 621 1919 Restat
641 1847 839 1940 igitur
855 1861 928 1913 ut
948 1846 1284 1941 pauciores
1302 1841 1596 1940 pluribus
1614 1843 1843 1913 cedant
1867 1866 1886 1913 ε
1932 1843 2062 1913 hoc
2086 1865 2223 1915 uno

51 1940 216 2012 stant
252 1938 648 2035 populorum
686 1941 955 2033 imperia
981 1990 1003 2023 ‚
1040 1937 1226 2009 aliter
1241 1934 1475 2007 casura.
1533 1938 1641 2009 Sic
1680 1936 1854 2032 apud
1887 1938 2223 2010 Helvetios

51 2035 280 2106 ma‘ori
304 2036 468 2131 parti
487 2031 717 2130 placita
734 2036 930 2102 etiam
954 2034 1066 2126 qui
1093 2036 1327 2102 contra‘
1340 2031 1638 2102 dixerant
1654 2028 2098 2125 exsequuntur.
2128 2034 2222 2100 At

51 2059 331 2201 Acbaeos
352 2127 515 2198 olim
528 2126 967 2219 AEtolosque‚
1006 2123 1256 2197 validos
1291 2147 1705 2221 quanquam,
1743 2123 2225 2196 diffidia-obtri-

51 2247 229 2311 vere,
250 2222 407 2293 dum
425 2220 540 2292 fibi
563 2226 864 2317 quisque,
890 2223 1109 2289 nonin
1130 2217 1412 2312 medium
1433 2272 1456 2305 ‚
1504 2214 1865 2293 consulunt.
1922 2221 2100 2288 Nam
2123 2220 2223 2290 ni·
2313 2262 2320 2267 -

51 2322 180 2391 mia
200 2318 460 2392 libertas
494 2316 576 2387 ad
612 2313 975 2388 servitutem
998 2317 1098 2387 via
1121 2310 1239 2386 est.
1293 2314 1608 2385 Praeterea
1643 2336 1725 2384 ne
1762 2317 1909 2410 quis
1931 2313 2041 2412 spe
2062 2337 2218 2387 vana

51 2414 169 2487 [ibi
205 2418 500 2509 imponat
528 2463 548 2495 ‚
574 2410 712 2502 jam
751 2432 922 2480 nunc
957 2407 1146 2480 vobis
1179 2405 1374 2502 jussus
1391 2408 1587 2479 edico
1611 2462 1631 2493 ‚
1682 2434 1816 2479 non
1838 2407 2004 2479 ad‘eo
2029 2409 2266 2502 vestrjst

51 2530 238 2605 tgere
256 2529 515 2604 regem,
567 2526 635 2573 ut
657 2525 856 2600 opem
895 2502 970 2574 fit
992 2501 1234 2590 laturus
1275 2501 1538 2573 consilia
1580 2505 1680 2574 sua
1697 2502 2211 2600 aspernantibus.

51 2602 297 2676 Similia
315 2600 602 2670 Britanni
625 2603 887 2668 nomine
923 2594 1267 2693 Spenierus
1285 2596 1620 2692 loquitur,
1664 2599 2017 2695 adjicitque
2039 2622 2210 2669 rem·
2239 2617 2426 2676 Idems

51 2694 381 2795 publicam
404 2747 425 2779 ,
476 2695 540 2762 in
557 2713 684 2786 qua
693 2693 801 2788 jus
821 2689 1098 2787 plurium
1116 2694 1567 2763 sententiarum
1590 2717 1720 2765 non
1739 2694 1991 2780 valeat,
2012 2696 2209 2789 virgi·
2226 2690 2365 2766 sem
2417 2690 2532 2748 “⁵‘-

51 2795 115 2866 :1i
138 2785 267 2859 ”effe
285 2787 595 2870 fimilem,
640 2810 834 2883 quam
860 2783 1046 2883 prisci
1085 2787 1378 2855 auctores
1419 2793 1786 2857 memorent
1828 2783 2215 2884 discerptam
2489 2797 2490 2802 ’

51 2883 595 2956 :ontendentium
611 2886 776 2954 inter
797 2875 854 2949 se
876 2880 1160 2951 rivalium
1179 2879 1477 2949 manibus
1503 2933 1526 2960 ,
1551 2900 1891 2973 narratque
1909 2877 2214 2964 facunde,

51 2996 371 3076 quantum
386 2975 823 3048 intercedendi
840 2974 1172 3045 tribunitia
1194 2973 1475 3068 potestas
1497 2973 1747 3070 populo
1772 2973 2081 3044 Romano
2103 2997 2222 3042 no-

51 3078 289 3146 :uerit.
343 3070 606 3143 Suasere
623 3075 818 3141 etiam
857 3069 1095 3174 legati,
1142 3088 1215 3138 ut
1254 3087 1436 3142 certa,
1470 3070 1535 3136 in
1568 3064 1892 3163 posterum
1930 3067 2217 3139 tributo-

51 3191 196 3240 rum
218 3170 489 3238 iniretur
510 3168 677 3235 ratio
707 3188 726 3233 :
768 3185 906 3237 tum
928 3159 1155 3257 nquid
1174 3166 1239 3232 in
1257 3160 1584 3258 republica
1603 3159 1975 3232 morbidum
1992 3183 2065 3230 ac
2080 3160 2216 3232 be!-

51 3283 120 3338 Lo
141 3257 605 3352 diffimulatum
620 3258 1065 3332 emendaretur
1091 3288 1114 3343 3
1211 3281 1298 3326 uo
1317 3257 1521 3351 tnagis
1540 3260 1614 3325 &
1655 3253 1766 3347 ipfi
1791 3258 1953 3325 inter
1972 3250 2034 3326 se
2058 3279 2219 3328 con·

50 3353 294 3431 :ordes
316 3359 393 3426 δε
412 3352 701 3424 hostibus
736 3349 1149 3423 formidolosi
1192 3370 1408 3421 orent.
1460 3349 1704 3420 Eadem
1735 3349 1901 3420 haud
1919 3347 2218 3445 spernen-

51 3452 115 3523 ii
140 3457 389 3528 civium
445 3447 799 3519 monebant
820 3500 840 3532 ,
888 3450 1072 3540 queis
1118 3449 1442 3540 optimum
1498 3443 1834 3517 videbatur
1881 3446 2168 3539 regimen
2192 3501 2216 3528 ,

52 3537 306 3618 'intuma'
320 3545 695 3615 nationibus
730 3563 1079 3635 earumque
1111 3538 1336 3643 legatis
1356 3591 1381 3623 ,
1427 3534 1743 3634 praefeffis
1776 3561 1934 3611 vero
1954 3561 2028 3609 ac
2049 3536 2216 3610 sena·

50 3645 196 3726 :ui;
252 3645 527 3735 quinon
637 3659 766 3710 rtes
803 3633 1118 3737 fingulas,
1166 3631 1272 3703 led
1299 3626 1654 3726 universum
1677 3655 1914 3729 corpus
1950 3631 2064 3706 res
2097 3636 2222 3705 ‘ce-

51 3757 201 3812 rent
243 3789 266 3820 ‚
332 3736 522 3829 quoti
574 3739 713 3803 iana
744 3735 822 3802 'ac
866 3731 1072 3799 1ubita
1112 3729 1425 3822 permitti.
1477 3727 1606 3797 Sed
1651 3727 2012 3798 convellere
2049 3658 2222 3800 ffaud

51 3849 675 3912 >temtummorem
702 3823 1047 3922 probatum
1078 3825 1304 3919 uiginti
1340 3843 1662 3893 annorum·
1679 3822 1868 3896 rebus
1905 3820 2215 3893 baudim-

51 3923 415 4025 5rnsperis.
507 3923 954 4018 Qorumque
992 3921 1294 3989 intererat
1326 3938 1587 3986 manere
1612 3915 1985 4082 Ξκίὲηῑὶα,
2034 3916 2225 3992 facile

51 4017 362 4104 evicere,
410 4039 533 4101 ne,
578 4019 734 4087 dum
775 4012 1010 4111 pendet
1048 4012 1446 4085 induciarum
1481 4009 1609 4081 deli
1697 4016 1861 4081 ratio
1888 4064 1909 4095 ,
1956 4016 2223 4107 negotia

51 4121 355 4217 negotiis
387 4110 889 4209 implicarentur.
936 4114 1116 4184 Inter
1148 4109 1357 4275 iggia
1382 4104 1608 4178 labens
1633 4107 1745 4181 hic
1781 4128 1983 4178 annus
2024 4105 2226 4212 paulo
2337 4153 2352 4166 „

688 4219 691 4222 ’
1280 4225 1345 4274 m
1395 4225 1434 4297 3
2004 4219 2222 4271 minus
