2900 4628
330 234 1365 307 Hls-TORIARVM
1450 202 2264 329 L13.xv11.'543

125 346 314 414 armis
336 344 752 418 contendere.
822 348 989 417 Non
1008 342 1137 417 effe
1155 365 1370 417 autem
1398 366 1526 415 cur.
1541 365 1864 442 repetatur
1881 341 2067 415 stmel
2089 364 2272 415 ante-
2321 341 2534 418 160&

127 436 243 507 hac
260 434 423 508 facta
443 437 526 510 de
555 440 850 511 libertate
874 439 1593 534 profeffi0‚tardurnque
1618 439 1681 509 id
1704 443 1721 507 i
1838 459 2278 533 etratu,quan·

126 529 218 600 do
255 528 482 601 durior
517 534 621 605 hic
658 532 980 628 Hispanus
1005 586 1023 619 ,
1072 556 1192 604 nec
1212 531 1651 603 Archiduciim
1666 530 1789 603 faci
1816 538 2037 602 itatem
2058 534 2271 602 imite-

127 642 256 693 tur.·
329 629 491 695 Haec
532 628 576 699 fi
612 625 975 699 Ordinibus
1016 650 1151 696 non
1187 626 1568 722 placerent.‚'
1601 623 1816 696 saltem
1836 622 2270 721 exspectandis

128 718 542 815 propioribus
563 722 844 816 Philippi
867 721 1183 790 mandatis
1203 741 1456 815 tempus
1476 718 1587 791 fibi
1611 719 1928 816 indulgeri
1953 716 2271 791 Calenda-

126 813 687 884 ramosiobrium
715 836 896 884 tenus
919 813 1341 908 postulabant.
1403 818 1557 883 Hoc
1581 812 1689 884 ubi
1713 834 2068 910 perregum
2094 815 2271 907 prin·

126 909 473 1000 cipumque
494 907 740 1004 legatos
764 908 1050 978 concilio
1073 910 1500 978 renuntiatum
1519 906 1640 992 est,
1709 905 1991 976 erstitere
2011 909 2076 976 in
2098 909 2270 1001 prio-
2295 937 2502 996 ordbm
2521 940 2580 996 ᾗ,

126 1021 197 1073 te
215 998 476 1070 decreto
500 1023 799 1095 proceres
836 1024 855 1068 :
899 1022 1199 1073 caeterum
1219 1000 1302 1071 de
1323 1019 1622 1096 tempore
1692 1007 1940 1070 ixerunt
1961 1002 2184 1095 legatis
2207 997 2265 1068 se
2288 1011 2579 1086 ammp-

125 1089 298 1164 idem
330 1095 720 1191 -rogantibus
765 1094 1353 1191 obtemperaturos.
1384 1146 1389 1151 »
1427 1098 1692 1164 Interim
1725 1097 1800 1160 &
1835 1091 1981 1191 iplis
2015 1091 2098 1161 ad
2131 1089 2263 1161 suas
2286 1082 2328 1158 fi
2365 1098 2476 1140 Μ·

114 1190 227 1257 cui
281 1210 358 1256 ue
381 1192 672 1257 nationes
701 1187 979 1259 abeundi
1009 1185 1277 1284 spatium
1302 1184 1429 1257 fuit
1446 1243 1466 1268 ,
1514 1207 1585 1255 ut
1605 1190 1666 1257 in
1692 1207 1824 1255 rem
1841 1209 2073 1256 novam
2093 1207 2262 1255 nova

112 1208 277 1375 jussg
295 1284 681 1373 acciperent.
751 1284 1014 1377 Magnis
1047 1280 1574 1351 contentionibus
1617 1302 1719 1349 res
1737 1283 1971 1374 agitata
1991 1279 2098 1349 cst.
2147 1299 2265 1347 nec
2294 1269 2579 1354 Magnae·-

114 1393 373 1444 tantum
394 1375 700 1445 nudiores
716 1376 797 1445 ad
818 1374 1109 1445 hostilem
1131 1376 1421 1469 injuriam
1446 1374 1673 1470 populi
1705 1395 1743 1443 a
1776 1373 2080 1443 Zelandis
2098 1423 2119 1457 ,
2137 1393 2265 1440 ma·-
2287 1341 2533 1471 a&

118 1471 177 1538 ri
200 1464 316 1538 suo
336 1474 490 1537 tutis
514 1520 535 1552 ,
558 1465 1005 1566 discrepabant
1021 1521 1043 1554 ,
1091 1466 1194 1543 sed
1221 1471 1285 1537 in
1307 1464 1434 1561 ipsa
1452 1460 1794 1537 Hollandia
1811 1466 1984 1537 aliud
2000 1464 2140 1536 aliae
2159 1487 2263 1534 ur·
2291 1499 2392 1541 nes.

116 1560 237 1634 bes
259 1615 280 1646 ,
318 1584 435 1631 nec
460 1565 620 1631 intra
643 1565 838 1633 urbes
858 1562 1031 1631 idem
1052 1580 1280 1631 omncs
1302 1560 1605 1631 volebant
1627 1613 1650 1647 ,
1697 1579 1765 1629 ut
1788 1581 2112 1655 quemque
2129 1553 2269 1654 spes

123 1658 443 1753 propriae,
483 1673 592 1724 aut
619 1656 824 1727 valida
861 1659 1160 1750 utrinque
1190 1673 1563 1751 argumenta
1583 1656 1670 1724 im
1721 1651 1987 1725 ulerant.
2049 1657 2126 1723 -In
2152 1655 2269 1724 hac

108 1753 487 1819 animorum
506 1748 922 1819 fluduatione
940 1749 1271 1819 confilium
1293 1746 1619 1818 Mauritio
1687 1768 1861 1817 atum
1881 1746 1973 1817 est
1997 1799 2018 1831 ‚
2065 1765 2134 1815 ut
2156 1768 2274 1841 pa-

108 1842 249 1915 ·lam
277 1863 399 1913 nee
416 1839 867 1915 diffimulanter
887 1842 1214 1911 audiorem
1236 1864 1271 1909 a
1315 1861 1453 1910 eret
1472 1840 1770 1912 fortioris
1792 1842 2153 1911 sententiae:
2176 1835 2270 1908 fe-

120 1939 497 2030 citquenon
523 1936 732 2007 verbis
763 1934 969 2006 modo
989 1937 1287 2031 asperiori
1340 1958 1439 2019 us,
1467 1932 1573 2006 sed
1601 1937 1675 2002 &
1694 1932 1883 2003 miffis
1905 1931 2267 2003 Hollandiae

104 2028 202 2099 ad
231 2031 514 2100 civitates
533 2029 761 2100 literis.
834 2028 1127 2101 Tandem
1154 2082 1174 2113 ,
1210 2031 1420 2123 inquit
1439 2080 1460 2116 ‚
1484 2049 1649 2098 artes
1667 2026 2012 2120 majoribus
2033 2028 2262 2095 rormi-
2311 2035 2542 2092 mannia·

119 2124 297 2195 datae‘
318 2138 687 2217 eruperunt.
754 2120 1073 2220 Speciosa:
1095 2121 1216 2194 illae
1237 2144 1431 2191 voces
1460 2174 1480 2206 ,
1579 2120 1765 2191 uibus
1784 2142 2027 2191 emtum
2052 2120 2259 2191 collo·
2286 2105 2474 2235 ἔμω
2498 2106 2576 2190 [⁴⁶

102 2219 345 2313 quium
371 2269 391 2301 ,
414 2216 569 2287 nihil
591 2216 701 2288 nifi
726 2240 917 2288 voces
940 2214 1118 2287 fuere
1138 2267 1157 2298 ‚
1175 2238 1292 2284 nec
1315 2239 1436 2312 pax
1457 2145 1621 2285 ho‘lti
1642 2219 1855 2310 cupita
1877 2268 1898 2301 ‚
1924 2212 2025 2284 sed
2051 2233 2130 2282 -ut
2151 2210 2262 2283 suo
2290 2196 2578 2305 &me

98 2312 324 2407 magis
363 2331 556 2404 quam
598 2310 819 2383 nostro
842 2325 1152 2406 'tempore
1169 2307 1404 2382 bellum
1422 2329 1604 2404 gerat
1629 2363 1650 2396 ,
1696 2308 1997 2380 autbello
2015 2310 2265 2404 gravius
2291 2320 2432 2404 uther
2454 2320 2570 2377 ιιι

96 2423 232 2502 per
269 2402 619 2499 discordias
659 2429 736 2474 ac
772 2404 944 2475 dona
981 2405 1243 2474 affliRet
1284 2402 1801 2501 Rempublicam.
1871 2407 2059 2476 Brevi
2102 2404 2264 2474 revi-
2293 2392 2462 2449 ω*
2487 2390 2556 2448 Β·

98 2494 358 2570 viscent
380 2497 465 2567 illi
484 2520 646 2593 opes
663 2552 683 2583 ,
734 2523 933 2596 nuper
952 2497 1267 2569 exhaustae
1285 2496 1450 2568 adeo
1476 2552 1495 2582 ,
1511 2516 1587 2582 ‚ut
1606 2519 1733 2566 aere
1758 2495 1979 2567 soloin
1995 2500 2135 2566 auri
2155 2520 2259 2566 ar.-
2288 2479 2416 2540 Ψ*

89 2594 424 2690 gentique
449 2595 725 2686 pretium
746 2596 1082 2689 pecuniam
1105 2592 1465 2689 fignaverit.
1507 2590 1730 2661 Nobis
1752 2590 2093 2668 manebunt
2108 2612 2269 2660 one-

88 2705 93 2708 ·
113 2708 186 2755 ra
209 2738 228 2769 ‚
250 2683 538 2781 perfidiae
556 2706 758 2771 metu,
778 2688 1022 2756 diffluet
1041 2706 1395 2756 mercatura
1419 2689 1493 2758 &
1510 2681 1819 2780 quicquid
1843 2684 2013 2754 bello
2027 2685 2214 2756 alitur
2238 2707 2263 2753 t

92 2782 136 2851 -i
190 2776 454 2873 sumque
497 2778 737 2849 militia:
772 2779 974 2849 robur
998 2832 1018 2864 ,
1068 2777 1409 2874 praescrtim
1443 2777 1733 2873 equestre
1753 2832 1774 2863 ,
1819 2777 1968 2846 alibi
1989 2775 2264 2874 gloriam

233 2872 515 2968 praedam
556 2892 823 2965 quaeret.
893 2874 1060 2941 Non
1095 2871 1484 2967 corporibus
1518 2870 1723 2940 modo
1744 2922 1770 2955 ,
1818 2869 1919 2940 led
1944 2871 2265 2942 &animis

84 2985 382 3038 ·ventura
402 2964 635 3035 defidia
657 2965 773 3049 est,
794 2983 898 3038 tot
911 2965 1071 3034 olim
1094 2967 1470 3058 injuriarum
1484 2961 1886 3034 exolescente
1907 2964 2219 3044 memoria
2238 2983 2262 3032 ε

90 3058 297 3152 cujus
314 3060 443 3151 jam
467 3081 635 3128 nunc
653 3081 847 3154 quam
864 3061 1166 3154 exiguum
1189 3055 1377 3129 restat
1400 3111 1420 3144 ,
1462 3054 1780 3127 seniorum
1803 3055 2102 3128 inlocum
2119 3056 2268 3125 'suc-

108 3150 492 3223 cedentibus
512 3151 650 3221 aliis
676 3205 698 3238 ,
745 3155 858 3248 qui
893 3172 1105 3224 vetera
1126 3151 1392 3221 audiunt
1411 3169 1659 3221 tantum
1686 3205 1708 3238 ,
1751 3151 1967 3223 audien
1988 3146 2266 3248 segniter

114 3243 410 3314 credunt.
476 3246 604 3314 Fac
625 3298 644 3330 ,
668 3246 850 3341 quod
871 3243 1099 3342 sperari
1124 3268 1255 3315 non
1279 3242 1493 3330 debet,
1517 3247 1672 3314 utin
1689 3244 2049 3341 Republica
2066 3267 2261 3314 nemo

90 3333 296 3408 -aliud
333 3360 524 3433 quam
558 3337 1059 3434 Rempublicam
1101 3336 1388 3434 spenstet,
1435 3358 1648 3407 tamen
1672 3361 1892 3435 regum
1916 3334 2263 3410 subitifimt

82 3433 439 3525 ·impetus;
489 3432 711 3529 populi
745 3432 904 3529 saepe
938 3431 1093 3520 dum
1132 3430 1491 3503 deliberant
1527 3453 1822 3527 pereunt.
1893 3435 2124 3525 Qare
2141 3457 2260 3505 vos

106 3547 435 3596 memores
458 3545 792 3621 parentum
815 3528 1065 3597 virtutis
1092 3577 1113 3611 ‚
1160 3528 1272 3620 qui
1293 3529 1488 3596 toties
1508 3531 1922 3624 Imperatoris
1942 3550 2018 3596 ac
2040 3548 2263 3624 regum

107 3618 197 3689 de
229 3642 387 3713 pace
421 3613 775 3715 legationes
800 3674 820 3705 ‚
867 3643 1000 3690 non
1018 3639 1089 3689 ut
1107 3624 1467 3690 amicorum
1488 3621 1748 3694 confilia
1773 3675 1792 3707 ,
1848 3619 1949 3691 led
1974 3641 2042 3690 ut
2063 3622 2261 3694 hostis
2321 3689 2326 3692 .
2413 3684 2418 3694 .

104 3709 367 3783 infidias
400 3717 716 3800 vitavere3
761 3736 1082 3784 memores
1111 3712 1521 3784 decretorum
1546 3766 1566 3800 ,
1614 3739 1758 3812 quae
1796 3715 1960 3785 olim
1997 3712 2160 3787 faeta
2187 3721 2262 3788 δε

100 3827 321 3899 nuper
354 3804 431 3876 sae
481 3812 575 3877 ius
612 3812 880 3905 repetita
906 3807 991 3878 ¹de
1012 3805 1332 3877 statuenda
1353 3827 1531 3879 extra
1551 3808 2050 3881 controverfiam
2066 3810 2264 3886 liber-

99 3919 249 3970 tate
267 3955 288 3986 ,
334 3901 441 3972 n'ul
463 3924 568 3970 am
582 3902 909 3973 admittite
930 3891 1301 3997 pafflonem'
1321 3954 1340 3986 ,
1365 3901 1478 3972 nifi
1500 3926 1643 3997 qure
1658 3903 1823 3975 hosti
1848 3907 1922 3972 ὅ(
1949 3904 2041 3976 'us
2061 3927 2262 3975 omne
2357 3913 2371 3927 '

100 3997 395 4104 imperii,
424 3999 496 4063 &
518 3995 800 4083 titulum,
822 3999 895 4065 &
917 3993 1181 4092 insignia
1199 3994 1545 4088 abjudicet.
1567 4001 1636 4069 Si
1658 3997 1823 4068 fraus
1844 3928 2012 4068 nulla
2026 3993 2260 4082 subest,

66 4088 275 4186 rquid
305 4087 649 4178 cunetatur
670 4089 852 4166 claris
890 4091 1100 4166 verbis
1135 4093 1495 4186 exprimere
1516 4145 1539 4182 ‚
1586 4092 1769 4188 quod
1804 4085 1969 4163 letio
2000 4095 2265 4250 agitug?

176 4221 181 4222 ⁷
546 4205 549 4206 ⁷
1284 4197 1299 4206 ¹
1889 4197 1892 4200 '
2101 4255 2112 4262 ⁸
2234 4203 2264 4256 t
