2900 4628
581 194 1351 264 ANNAL1vM
1465 194 1843 262 Lini.
2091 248 2098 259 ,
2258 225 2305 290 9

130 329 373 403 raeque
402 305 684 401 Europae
700 321 928 401 gentes
947 325 1163 375 mores
1180 301 1584 375 'Christianos
1613 303 1806 376 missis
1831 307 2046 378 Roma
2065 305 2309 382 forma-

130 402 410 472 toribus
423 419 822 494 acceperant.
865 399 1039 467 Hinc
1055 396 1237 466 latini
1255 395 1477 495 paffim
1493 402 1675 484 ritus,
1696 404 1768 468 &
1787 405 1850 470 in
1867 399 2052 475 sacris
2069 399 2303 475 sermo.

134 502 230 565 At
249 496 355 565 illi
383 547 406 580 ‚
430 493 777 589 postquam
797 490 1011 562 divina
1034 487 1120 560 ihi
1132 492 1298 586 juris
1318 491 1605 562 fecerant
1629 545 1650 577 ,
1694 518 1856 566 nova
1874 495 2067 566 edere
2085 495 2308 570 decre·-

137 611 204 660 ta
227 642 251 673 ,
276 609 507 660 vetera
528 591 693 657 inter
741 588 972 670 retati,
1010 584 1444 657 sacroslibros
1467 585 1640 682 vulgi
1659 584 1950 659 manibus
1968 612 2305 676 excutere3

135 677 586 779 perniciosum
617 679 684 750 di
790 701 935 750 ntes
959 732 979 763 ‚
1028 679 1073 750 fi
1102 684 1194 750 rei
1237 683 1533 749 maximae
1556 679 1876 775 judicium
1911 682 2167 753 indooa
2199 709 2310 756 cu-

133 776 426 848 riofitas
444 778 798 870 acciperet.
866 776 963 842 Ita
997 794 1377 870 promptum
1411 776 1642 857 cuncta
1661 771 1811 844 suos
1831 775 1911 844 ad
1937 774 2216 851 honores
2237 783 2311 848 &

231 871 469 941 aestum
494 889 917 964 componere
953 900 975 950 3
1021 865 1555 963 lacerdotumque
1585 867 1846 939 licentia
1882 891 1970 938 eo
2008 874 2312 943 vitiorum

137 894 504 1035 {ventum
521 960 659 1047 est,
695 981 768 1031 ut
788 962 1084 1032 remediis
1104 985 1275 1058 opus
1299 966 1406 1031 &i
1460 962 1898 1033 lifaterentur.
1963 963 2093 1033 Sed
2111 963 2316 1037 subita

138 1057 515 1133 litterarum
554 1055 742 1140 luce,
789 1077 936 1150 quae
974 1078 1151 1127 novo
1172 1055 1400 1153 vulgan
1450 1061 1749 1151 ireperto
1771 1054 2148 1127 saeculorum
2167 1059 2321 1129 cali-

138 1158 381 1259 ginem
406 1148 756 1245 dispulerat
779 1201 801 1233 ,
845 1146 1220 1220 exstiterunt
1246 1202 1267 1234 ,
1311 1152 1423 1244 qui
1458 1154 1691 1222 ceteris
1725 1174 1877 1221 cum
1894 1151 2141 1223 artibus
2160 1177 2323 1250 pur-

137 1270 318 1344 gare·
341 1246 743 1343 religionem
761 1242 1034 1338 polliciti
1061 1296 1083 1327 ,
1129 1267 1228 1313 res
1252 1243 1514 1315 cunetas
1533 1244 1843 1319 sacrarum
1857 1243 1937 1314 ad
1956 1246 2319 1318 litterarum

141 1342 530 1412 testimonia
548 1358 954 1409 revocarent.
1024 1342 1299 1410 Gratum
1322 1334 1388 1405 id
1413 1336 1669 1435 populis
1692 1390 1716 1423 ,
1760 1341 1873 1434 qui
1896 1335 2216 1411 sumtuum
2240 1345 2316 1410 δε

146 1429 1557 1631 ‘glaffl‘ssoessssz‘fflb’stssffifffffiffzk
1578 1432 2319 1636 ἓξὲῗεῗῖᾞὲῑῗὲἰ

154 1621 274 1699 bus
316 1645 497 1718 praec
585 1625 669 1691 tis
698 1616 950 1716 sperare
983 1618 1226 1692 coelum
1255 1610 1668 1715 jubebantur.
1753 1624 1870 1699 Ne
1915 1621 2318 1718 principibus

148 1717 423 1814 quidem
446 1741 545 1791 no
566 1715 825 1787 entibus
843 1733 979 1784 erat
1003 1710 1274 1810 infringi
1295 1712 1698 1788 sacerdotum
1812 1720 2077 1787 tentiam
2104 1770 2126 1802 ,
2169 1734 2320 1811 quae
2442 1793 2446 1796 ,

142 1814 281 1909 jam
325 1816 405 1881 &
445 1809 668 1908 regale
696 1806 1017 1907 fastigium
1039 1806 1155 1881 fibi
1171 1808 1543 1901 subjecerat.
1616 1811 1701 1881 Se
1769 1804 2320 1907 ubiconspet‘htm

152 1907 247 1978 est
266 1959 289 1991 ‚
336 1929 483 1977 non
518 1908 757 1979 haerere
794 1926 1053 1985 manum
1090 1901 1457 1977 vulneribus
1481 1957 1503 1989 ,
1554 1907 1808 1999 ingenia
1842 1903 2100 1976 turbida
2120 1907 2322 1976 inter-

155 2023 464 2086 currere,
562 2022 658 2068 uae
700 1994 860 2069 nihil
888 2002 1180 2090 quietum
1200 2016 1609 2095 paterentur3
1647 1997 2324 2095 publice—impetranda

152 2099 465 2205 privatim
500 2021 659 2164 Emi
688 2145 721 2178 ,
759 2092 1018 2185 jamque
1050 2096 1225 2163 inter
1243 2088 1416 2185 ipsos
1442 2087 1830 2183 discordiam
1859 2145 1881 2178 ,
1925 2115 2046 2163 nec
2061 2089 2186 2162 esse
2206 2098 2322 2188 qui

112 2264 118 2271 ,
142 2191 415 2284 judicio
448 2206 920 2285 componeret3
967 2207 1296 2280 quamque
1308 2210 1468 2258 ,non
1505 2183 1711 2256 facilis
1752 2185 2032 2258 convelli
2070 2185 2175 2256 illa
2216 2205 2324 2258 tot

152 2282 539 2357 saeculorum
576 2301 935 2377 compages
964 2333 985 2365 ,
1035 2277 1357 2377 displicuit
1384 2279 1815 2377 incompofita
1847 2304 2059 2354 rerum
2083 2277 2322 2366 facies,

156 2401 226 2451 nt
262 2379 353 2449 ad
394 2376 803 2449 coercendos
838 2373 1045 2471 plebis
1076 2379 1331 2447 animos
1351 2400 1490 2447 non
1507 2374 1679 2446 idem
1701 2376 1998 2447 valitura·
2051 2379 2322 2470 Iamque

158 2474 526 2544 resuscitata
561 2469 749 2545 Huffi
789 2491 904 2563 per
932 2471 1346 2540 Germaniam
1372 2523 1393 2555 ,
1444 2467 1705 2542 Wiclefi
1822 2495 1853 2539 r
1878 2473 2276 2541 Britanniam
2299 2523 2322 2557 ‚

159 2565 578 2639 Valdenfium
614 2588 730 2662 per
770 2561 1046 2633 Galliam
1082 2564 1312 2660 placita
1337 2618 1356 2648 ,
1404 2563 1556 2636 inde
1573 2566 1641 2634 in
1662 2565 1756 2633 Be
1827 2568 1987 2635 'cam
2009 2584 2326 2635 transmo-

158 2682 223 2736 ta
238 2717 265 2747 ‚
309 2679 647 2732 conventu
662 2656 1018 2728 incolarum
1042 2709 1071 2743 ‚⁷
1108 2658 1415 2740 contactu
1435 2661 1689 2731 externi
1709 2663 1799 2727 mi
1826 2662 1931 2729 itis
1950 2713 1971 2745 ,
1996 2680 2322 2736 commer-

157 2760 277 2829 ciis
314 2755 473 2826 deni
524 2777 608 2824 ue
634 2748 1080 2847 vulgabantur.
1153 2752 1485 2823 Caeterum
1519 2751 1824 2848 plurimas
1867 2756 2097 2848 impias
2125 2771 2322 2847 atque

158 2849 439 2924 nefarias
475 2776 676 2924 ῗεᾶεε
716 2843 974 2914 inducta
1009 2843 1199 2918 semel
1237 2848 1526 2918 mutandi
1562 2847 1818 2919 licentia
1838 2849 2100 2919 invexit.
2168 2848 2324 2917 Nec
2405 2845 2418 2866 ‘

157 2943 356 3015 aliam
393 2937 584 3012 fuiss‘e
623 2962 860 3011 terram
894 2938 964 3020 id
1000 2963 1205 3036 genus
1244 2940 1683 3012 monstrorum
1720 2964 1839 3036 per
1871 2941 2009 3012 haec
2030 2961 2326 3038 tempora

159 3038 428 3133 Belgica
464 3036 844 3111 feraciorem
881 3091 904 3118 ‚
947 3031 1133 3106 facile
1164 3033 1575 3121 crediderit,
1621 3034 1669 3106 fi
1713 3038 1858 3128 quis
1898 3035 2237 3129 probrolas
2258 3040 2324 3108 in

164 3132 504 3203 Christum
537 3128 809 3201 Davidis
840 3127 1150 3224 Delphici
1187 3182 1209 3213 ,
1274 3132 1350 3201 &
1393 3123 1717 3199 seditiosas
1746 3132 2007 3199 loannis
2043 3128 2321 3201 Bucoldi
2389 3139 2572 3195 David

161 3223 614 3324 Lugdunenfis
644 3219 983 3295 sententias
975 3226 1454 3385 ‘penetraverin
1522 3223 1838 3314 Qornm
1859 3225 2130 3293 Batavus
2152 3243 2325 3294 uter·
2350 3208 2637 3350 2422?ae

164 3344 297 3416 que
322 3374 345 3405 ,
394 3312 674 3394 coelestis
709 3319 956 3387 afflatus
1000 3315 1420 3402 imulatione‚
1468 3319 1786 3386 vitrorum
1805 3314 1909 3388 ille
1933 3317 2147 3411 pictor
2169 3371 2191 3404 ‚
2225 3323 2316 3392 vi-
2350 3371 2431 3409 uus
2479 3316 2642 3418 „mg
2687 3403 2698 3408 „

165 3436 303 3484 tam
345 3412 518 3484 haud
565 3416 835 3508 inopem
870 3408 1234 3506 sectamque
1271 3408 1389 3481 fibi
1426 3408 1824 3506 superstitem
1863 3414 2109 3505 paravit
2141 3433 2165 3480 z
2212 3435 2322 3485 ve·
2351 3423 2462 3484 dns.

168 3506 359 3579 stium
389 3510 823 3578 concinnator
860 3503 1021 3576 alter
1041 3558 1064 3590 ‚
1111 3526 1383 3602 regnum
1420 3504 1594 3604 apud
1613 3501 2147 3578 Monasterimses
2177 3558 2198 3590 ,
2250 3509 2326 3576 δε

168 3602 442 3685 bellum,
467 3615 835 3695 quanquam
854 3596 1128 3670 infoelici
1150 3602 1352 3684 exitu,
1374 3599 1641 3670 molitus
1657 3597 1770 3670 est.
1825 3598 2329 3695 Sapientiffimos

171 3719 302 3793 ego
324 3699 693 3791 principum
714 3696 1060 3793 comperio
1076 3697 1143 3766 in
1161 3689 1443 3765 diverlbs
1461 3692 1851 3790 religionum
1875 3747 1896 3780 ,
1931 3716 2056 3789 pro
2075 3700 2328 3792 magni-

172 3793 397 3865 tudine
440 3794 682 3863 erroris
707 3842 727 3874 ‚
775 3810 899 3885 pro
936 3791 1210 3861 numero
1249 3795 1655 3884 peccantium
1688 3842 1708 3875 ,
1758 3787 2038 3859 remedia
2077 3789 2326 3861 consti-

173 3882 377 3960 tuisse.
479 3882 611 3955 Vbi
648 3885 817 3956 vires
859 3902 1308 3979 aequaverant,
1353 3886 1630 3979 geminae
1671 3881 1995 3959 interdum
2040 3880 2221 3954 seetae
2256 3888 2325 3960 in

172 3979 505 4078 publicum
524 3974 1010 4073 accipiebantur
1027 4030 1047 4064 ,
1087 3981 1220 4049 aeri
1237 3974 1452 4071 legum
1469 3973 1758 4048 custodia
1782 4029 1803 4062 ‚
1828 3978 2074 4071 nequid
2092 4000 2178 4047 eo
2197 3977 2327 4047 ob-

170 4093 351 4155 teum
388 4071 753 4152 tutbarent.
818 4070 1039 4165 Alias-‚¹
1085 4093 1258 4175 quos
1267 4070 1544 4241 ⁴{aditos
1582 4075 1944 4176 hperator
1981 4075 2055 4140 &
2098 4073 2330 4241 colnei-

1378 4187 1416 4264 5
1461 4231 1492 4250 ..
2196 4184 2329 4250 mm
