2900 4628
146 236 1267 349 ·Hls·1·oR1ARvM
1343 248 1589 324 tin.
1672 212 1928 323 xin.
2077 266 2230 344 547-

63 359 168 433 iste
186 361 403 436 liberis
427 386 517 458 po
566 363 687 434 ulis
708 417 727 449 ,
765 385 884 434 nec
904 364 1104 436 aliena
1137 363 1507 462 petentibus
1551 368 1614 433 in
1641 362 1931 435 flaturum
1954 363 2204 462 prospi-

59 475 196 525 cere
218 500 239 543 ,
272 461 365 526 uti
392 479 521 553 prae
548 456 805 529 entibus
843 460 1091 553 regium
1128 478 1420 552 putatur3
1472 455 1590 526 alia
1609 457 1793 527 luxus
1818 509 1840 543 ,
1872 458 2204 532 alialatius

56 551 459 646 imperitandi
476 553 716 647 cupido
739 548 1030 637 absumit.
1081 554 1162 620 Et
1179 532 1785 649 juvenis'Philippus
1806 604 1825 634 ,
1849 555 1921 621 δε
1941 573 2205 650 gentem

52 638 214 740 regit
233 646 557 738 quiescere
575 646 950 718 indocilem.
975 634 1186 716 Vobis
1208 649 1554 741 promtius,
1577 644 1885 740 expedito
1906 669 2030 717 aere
2047 647 2203 717 alie-

50 736 372 822 no,fidem
395 733 689 810 refovere
715 793 736 825 ,
774 739 1039 834 quando
1060 739 1362 835 praefidiis
1402 758 1652 810 tantum
1681 740 2085 812 manentibus
2103 760 2208 811 cst-²2

46 830 327 902 strorum
344 833 673 928 impendia
702 887 721 919 ,
767 857 915 930 pars
950 833 1140 903 altera
1159 857 1476 918 onerum,
1518 829 1874 908 cesshbunt.
1926 833 2206 909 Potestis

34 924 174 1019 jam
193 932 466 1011 nunc,&
489 925 801 1009 suaserim,
822 926 1060 997 tributa
1089 931 1149 998 in
1173 951 1377 998 annos
1398 926 1797 998 induciarum
1819 936 2205 1026 prorogare.

40 1024 325 1089 Munera
344 1017 622 1090 hostium
644 1027 717 1091 δε
741 1019 984 1091 diffidia
1006 1022 1102 1091 his
1127 1074 1146 1105 ,
1168 1028 1280 1116 qui
1302 1025 1532 1093 timere
1553 1021 1612 1091 se
1638 1021 1859 1091 dicunt
1882 1075 1900 1107 ,
1923 1022 2206 1095 cavenda

40 1112 233 1184 facile
255 1112 697 1184 concesserim.
748 1118 901 1185 Nec
934 1136 1099 1209 puto
1118 1116 1291 1213 leges
1324 1114 1510 1186 vobis
1544 1135 1654 1184 aut
1667 1114 1908 1207 judicia
1945 1112 2155 1187 deeffe
2177 1137 2205 1183 t
2253 1152 2256 1157 ⁴

40 1230 110 1275 ut
133 1229 383 1277 taccam
403 1205 631 1279 frustra
651 1232 892 1304 paucos
915 1232 1272 1306 corrumpi,
1297 1209 1406 1280 ubi
1429 1231 1624 1304 penes
1642 1207 1883 1289 multos
1906 1234 2026 1280 nec
2045 1207 2204 1279 sem·-

40 1325 158 1396 per
172 1298 432 1373 eosdem
453 1301 525 1372 fit
546 1309 854 1397 regimen.
909 1302 1293 1394 Socordiarn
1329 1325 1599 1398 quoque
1644 1300 1838 1370 hostis
1861 1302 1988 1399 ipse
2003 1325 2203 1373 exea-

35 1398 159 1465 tiet
181 1448 202 1482 ,
244 1397 380 1488 ejus
421 1400 666 1494 quippe
687 1399 926 1494 ingenii
951 1450 971 1483 ,
1014 1418 1085 1466 ut
1105 1398 1217 1469 diu
1240 1420 1374 1466 non
1407 1393 1727 1492 sulpe&us
1748 1392 1870 1473 effe
1893 1418 2196 1492 nequeat.

33 1489 318 1583 Alioqui
339 1488 451 1559 ista
474 1489 517 1562 fi
537 1493 704 1561 ratio
718 1492 1106 1577 admittitur,
1131 1500 1441 1561 aeternum
1465 1485 1872 1563 bellumsusci
1925 1493 2064 1563 iatis
2081 1515 2200 1560 ne-

30 1579 205 1654 c'effe
226 1581 373 1654 est:
414 1585 559 1654 nam
578 1608 736 1680 pace
773 1587 978 1657 multo
1006 1588 1203 1655 etiam
1241 1589 1445 1681 magis
1467 1580 1819 1660 metuenda
1841 1513 2198 1656 {caritatis

2270 366 2477 446 1638.

31 1681 190 1749 vitia
239 1700 262 1746 ε
305 1679 443 1747 imo
465 1700 586 1749 nec
607 1678 783 1749 bello
819 1683 1068 1749 interna
1095 1677 1373 1774 pericula
1388 1679 1661 1749 aberunt
1684 1731 1705 1763 ,
1743 1675 1785 1746 fi
1811 1700 1938 1772 qua
1959 1701 2210 1774 magna.
2308 1709 2338 1735 .-

25 1770 367 1842 calamitas
399 1768 784 1867 obsequium
819 1793 1098 1868 rumpet.
1186 1775 1342 1843 Nec
1376 1773 1443 1844 id
1478 1768 2148 1857 temere‘formidatur
2168 1826 2198 1859 ‚
2243 1799 2256 1807 ·

25 1864 303 1959 quando
327 1865 570 1961 publici
605 1863 848 1935 reditus
883 1866 1050 1936 adeo
1084 1863 1421 1940 inferendo
1463 1856 1738 1960 impares
1770 1870 1877 1936 vix
1911 1866 2200 1938 arcendo

25 1958 229 2044 beno,
251 1959 390 2031 hoc
408 1958 526 2043 est,
547 1962 726 2030 exitii
749 1959 828 2028 ad
851 1983 1100 2030 moram
1124 2012 1144 2047 ,
1165 1957 1504 2033 sufficiunt.
1539 1964 1693 2051 Hoc
1717 1960 1998 2045 interest,
2016 1956 2205 2054 quod

25 2053 447 2124 induciarum
467 2053 887 2123 incommoda
909 2077 1131 2126 cavere
1146 2053 1348 2125 vestra
1368 2058 1434 2125 in
1456 2077 1648 2124 manu
1669 2053 1761 2124 est
1779 2108 1798 2138 ,
1823 2052 1973 2124 belli
1994 2055 2206 2125 tristes
2293 2086 2296 2089 ·
2359 2135 2366 2144 ,

25 2153 238 2219 exitus
264 2145 439 2242 saepe
457 2170 574 2217 nec
598 2143 1076 2242 sapientissimus
1092 2146 1347 2312 effugit.
1387 2151 1759 2313 Imponitur
1778 2148 1971 2218 nobis
1992 2147 2204 2220 neces·
2295 2156 2300 2161 ’

25 2243 167 2313 sitas
196 2244 408 2312 etiam
432 2241 630 2338 Lipfii
650 2243 849 2311 literis
868 2239 1224 2339 responden
1273 2245 1294 2311 i
1321 2295 1339 2326 ,
1360 2246 1475 2338 qui

25 2335 119 2408 sed
142 2338 391 2409 breves
418 2334 562 2427 {sed
587 2336 715 2409 sine
740 2335 1048 2407 libertatis
1076 2340 1446 2407 mentione:
1487 2359 1699 2431 neque
1724 2356 1859 2407 tum
1878 2341 1955 2408 iis
1976 2335 2207 2411 Galliae

25 2435 292 2519 viribus,
321 2454 476 2526 quae
495 2453 738 2502 metum
759 2431 949 2515 hosti,
975 2430 1164 2502 vobis
1189 2430 1493 2502 fiduciam
1519 2430 1849 2502 adderent.
1877 2433 2207 2530 Exemplis

25 2525 397 2610 Gematur,
423 2525 586 2596 stant
601 2550 638 2595 a
655 2527 842 2597 nobis
865 2526 1073 2622 plura,
1093 2531 1167 2596 &
1189 2551 1319 2596 non
1340 2525 1533 2595 alieni
1554 2524 1776 2596 saeculi.
1825 2527 2206 2609 Candavico

25 2621 264 2694 *cedere
284 2618 650 2691 Hollandia
672 2645 749 2691 ac
795 2620 1102 2691 Zelandia
1123 2627 1508 2691 revixerunt.
1562 2621 1836 2691 Helvetii
1860 2621 2059 2693 sumta
2078 2645 2202 2717 paq

25 2716 185 2788 ibus
207 2715 299 2786 de
333 2712 547 2785 caufis
578 2737 750 2809 arma
788 2738 901 2811 per
933 2712 1220 2786 inducias
1265 2716 1534 2810 posuere
1569 2737 1590 2782 :
1630 2711 1989 2784 libertatem
2008 2734 2197 2785 tanto

25 2835 128 2881 am
147 2831 477 2907 ternpore
495 2812 800 2892 retinent,
823 2808 1109 2904 peditatu
1127 2805 1269 2878 sane
1290 2811 1361 2877 Sc
1383 2812 1705 2877 montium
1717 2808 1889 2901 jugis
1909 2806 2145 2879 defensi
2167 2831 2195 2878 z

25 2903 104 2977 ed
127 2931 274 2978 uon
296 2906 578 2974 minora
612 2899 751 2971 sunt
769 2903 958 2974 vobis
989 2906 1381 2972 munimenta
1407 2953 1428 2986 ,
1470 2899 1713 2971 navales
1732 2906 2041 2995 copiae&
2064 2906 2194 2972 cir-

1537 2241 1658 2312 osti
1673 2240 1969 2313 inducias
1992 2242 2204 2330 suafit,
2269 2280 2274 2287 ·

25 2998 337 3074 :amfusus
380 2999 722 3068 Oceanus.
773 2999 1033 3068 Sunt&
1073 2999 1187 3092 qui
1227 3013 1522 3065 metuunt
1543 3017 1622 3064 ne
1654 2994 1985 3088 quondam
2010 2994 2198 3066 infir-
2245 3070 2254 3079 ‚
2361 3070 2370 3077 ,

25 3102 244 3166 niores
284 3097 358 3175 in
404 3105 590 3162 arma
619 3089 893 3162 redeatis
933 3145 954 3178 ,
1001 3096 1153 3185 quia
1184 3093 1426 3162 incerta
1457 3086 1533 3158 fit
1571 3083 1930 3184 principum
1969 3088 2193 3176 faven-

26 3196 162 3261 ium
186 3197 354 3266 vita.
411 3185 553 3259 Sed
573 3210 707 3255 non
729 3208 877 3255 cum
926 3185 1188 3282 regibus
1225 3177 1309 3254 ⁸&
1352 3182 1547 3255 causie
1587 3179 1904 3253 societatis
1925 3187 2190 3255 interci-

25 3285 160 3357 lunt
184 3339 206 3372 ,
231 3288 408 3381 quin
443 3333 466 3365 ,
501 3295 587 3347 'ut
609 3296 802 3375 regna·
823 3333 843 3367 ,
882 3275 1275 3353 immortales
1294 3278 1450 3349 sunt.
1499 3280 1654 3346 Hoc
1673 3275 1874 3373 ipsum
1891 3277 2073 3373 quod
2093 3282 2195 3349 vi‘-

31 3402 148 3451 unt
191 3378 598 3468 florentque
636 3372 832 3461 socii,
876 3376 1064 3471 quod
1100 3375 1378 3471 Belgicae
1419 3372 1716 3467 princeps
1751 3393 1924 3441 arma
1961 3370 2195 3443 exosus

25 3493 275 3574 mperat
304 3530 326 3560 ,
368 3473 674 3569 circitare
697 3491 825 3539 vos
862 3471 1063 3542 debet
1083 3521 1101 3553 ‚
1148 3492 1227 3538 ne
1247 3468 1505 3538 effluere
1524 3463 1735 3537 finatis
1757 3486 1887 3535 tam
1909 3484 2194 3562 oportu-

31 3597 63 3641 a
84 3572 306 3666 quieti
334 3566 678 3658 tempora.
732 3563 927 3636 Venit
948 3589 984 3635 a
1004 3561 1290 3660 providis
1313 3613 1333 3648 ,
1378 3564 1552 3632 venit
1572 3558 1659 3629 ab
1682 3565 1903 3650 amicis
1928 3559 2191 3656 regibus

30 3661 917 3750 oc,confilium,&quorum
937 3659 1004 3730 id
1024 3681 1247 3741 unum,
1271 3675 1341 3724 ut
1358 3652 1503 3725 salvi
1527 3653 1687 3738 fitis,
1709 3655 1985 3731 interest.
2040 3653 2191 3733 Plu-
2303 3732 2310 3738 ³

25 3788 55 3832 a
76 3784 235 3856 qnae
254 3757 395 3826 huc
424 3752 685 3849 faciunt
713 3804 734 3834 ‚
760 3753 860 3823 sed
887 3753 1238 3851 prudenter
1261 3769 1553 3820 tacentur
1573 3807 1593 3832 ,
1615 3748 1730 3821 fibi
1749 3754 2024 3847 quisque
2038 3746 2192 3820 sub-

28 3865 170 3928 ciat
194 3911 216 3941 ,
272 3874 363 3923 ne
399 3848 758 3936 contrariae
793 3844 1120 3917 sententiae
1156 3845 1449 3922 auzitores
1487 3843 1617 3914 sola
1650 3843 1911 3915 dicendi
1930 3842 2188 4008 q‘uidvis
2250 3845 2272 3872 ·'
2352 3844 2359 3853 ’

26 3954 300 4026 bermte
318 3945 765 4026 nosvincant.
830 3947 975 4011 Hac
1002 3944 1303 4012 oratione
1341 3958 1718 4009 commotos
1739 3944 1941 4028 nonni
1991 3938 2033 4007 il
2055 3937 2189 4008 ani·

25 4070 133 4119 Jos
232 4036 538 4116 ostridie
580 4035 811 4104 iterum
846 4035 1220 4132 aggreditur
1258 4058 1278 4102 ε
1320 4037 1640 4130 praecip'ua
1675 4030 1945 4104 foederis
1968 4035 2182 4127 capita

26 4071 374 4242 [ng-:Etim
414 4148 813 4231 percurrens
838 4184 859 4221 ,
910 4152 980 4204 ut
1011 4135 1305 4295 iniqtfflm
1345 4127 1503 4200 nihil
1536 4147 1645 4201 aut
1674 4129 1950 4202 infidum
1982 4127 2183 4230 latere

462 4285 467 4290 -
1273 4246 1341 4295 m
1385 4245 1437 4297 2·
2025 4241 2187 4288 cot:-

161 4381 219 4426 X
