2900 4628
665 176 955 327 ςςο.ὓ
1083 231 1743 315 chorus
1866 230 2398 300 onorii

399 346 606 424 1608.
668 348 883 419 minus
915 344 1156 417 exierat
1179 396 1199 428 ,
1246 336 1820 435 crebrescebatque
1855 362 2080 412 rumor
2099 363 2182 411 ue
2223 337 2525 436 Hispano
2572 336 2825 434 quiden

612 497 623 512 .
675 439 1020 536 placituras
1043 494 1065 521 ,
1100 459 1258 532 quas
1278 435 1473 542 legati
1493 432 1878 506 molirentur
1901 485 1922 518 ‚
1967 433 2280 505 inducias.
2345 432 2824 528 scripseratque

333 501 654 645 mggss
679 537 821 605 iane
843 533 926 604 ad
949 534 1239 610 laninum
1278 526 1676 598 Ricardotus
1699 581 1721 614 ,
1764 526 2194 600 difficiliorem
2213 552 2387 615 nuuc
2409 529 2579 599 Phili
2631 553 2778 624 pum
2800 579 2824 611 ,

344 656 448 720 agre
472 641 615 709 budu-
679 627 787 699 sed
803 625 1059 721 culpam
1079 648 1147 695 re
1198 626 1556 693 iBritauno
1589 621 1694 692 affi
1745 620 1932 691 nabat
1956 676 1977 709 ‚
2013 624 2184 707 velut
2206 622 2528 719 perillum
2576 624 2829 718 peinje-

344 728 460 777 “⁴¹‘-
680 721 783 794 &a
801 721 1028 795 filentii
1046 719 1129 791 de
1168 719 1457 789 ibertate.
1485 719 1655 787 Etiu
1732 714 2036 787 oederatis
2054 716 2376 812 quosdam
2400 717 2531 785 ‘am
2553 720 2681 786 otii
2700 716 2829 789 dul·

675 814 845 887 cedo
866 820 930 886 in
952 835 1202 884 tanturn
1304 802 1593 894 llex'erat,
1614 830 1684 880 ut
1702 814 1832 906 pati
1856 809 1924 879 id
1938 832 2208 909 quoque
2231 741 2414 906 posse,
2432 809 2828 882 viderentur.

382 910 644 991 &ww
679 907 1106 981 cordatiores
1138 932 1170 978 r
1262 909 1420 975 itere
1458 928 1478 973 ε
1525 904 1850 1000 legatique
1870 927 1940 974 re
1988 930 2095 974 um
2126 902 2208 975 ad
2233 904 2650 979 Archiduces
2687 909 2829 975 mir-

346 981 646 1118 Zffzssm‘
677 1024 824 1075 tunt
863 1001 1342 1101 percunctatum
1369 1051 1391 1082 ,
1430 997 1669 1093 ecquid
1702 996 1909 1069 fidere
1941 927 2250 1072 deberent
2269 1000 2369 1070 his
2389 1052 2409 1085 ,
2499 1024 2606 1068 uae
2642 1022 2828 1095 nuper

279 1157 282 1160 -
338 1120 596 1185 Inicmin
679 1104 699 1170 i
751 1099 970 1169 sorum
987 1116 1137 1167 cum
1160 1083 1454 1166 ministris
1473 1097 1575 1189 agi
1593 1091 1958 1188 coepiffenn
1993 1093 2229 1165 Relato
2253 1098 2327 1162 &
2349 1097 2409 1162 'u
2463 1092 2584 1163 iffe
2604 1095 2826 1165 Archi,

340 1192 627 1260 ”istm
724 1217 873 1264 uces
890 1197 963 1261 δε
984 1191 1215 1262 habere
1232 1214 1268 1258 a
1290 1191 1474 1285 Rege
1496 1184 1851 1281 paciscendi
1869 1187 2247 1282 potestatem
2270 1242 2290 1273 ‚
2313 1118 2692 1259 &rdinibus
2711 1189 2829 1259 hoe

344 1260 584 1357 ‘Qm’
673 1286 877 1384 ipsum
899 1284 1209 1367 indicant,
1229 1285 1727 1375 monentqueiit
1745 1280 2006 1351 finitura
2027 1304 2197 1369 nunc
2216 1305 2555 1369 armorum
2573 1281 2827 1353 ceffitio

665 1380 878 1452 meuse
895 1403 1029 1450 uno
1051 1377 1505 1475 proferatur‚in
1522 1374 1694 1469 spem
1710 1370 1989 1445 faciendi
2012 1372 2278 1447 foederis
2297 1400 2315 1445 :
2343 1399 2423 1446 ue
2443 1398 2670 1447 tamen
2686 1377 2826 1455 alias

659 1475 837 1571 leges
860 1497 1055 1569 quam
1081 1495 1281 1566 nuper
1300 1465 1341 1539 a
1361 1468 1421 1539 se
1443 1465 1834 1566 praescriptas
1850 1466 2220 1565 exspeQent
2242 1524 2262 1558 ,
2287 1490 2544 1541 tantum
2565 1471 2825 1542 daturus

658 1591 928 1666 operam
953 1588 1023 1636 ut
1044 1556 1284 1660 se‘ptem
1305 1572 1488 1634 annis
1512 1562 1769 1658 longius
1792 1563 2068 1634 induciae
2090 1585 2389 1636 maneant
2411 1598 2433 1650 ;
2482 1588 2562 1636 ac
2589 1589 2710 1662 per
2727 1571 2829 1637 In·

655 1661 829 1732 diam
850 1680 1069 1758 pacata
1095 1659 1216 1730 iint
1244 1662 1465 1754 potius
1485 1678 1680 1750 quam
1705 1677 1945 1727 armata
1964 1663 2379 1730 commercia.
2426 1660 2831 1733 Archiduces

656 1760 899 1828 interea
917 1813 933 1836 ,
979 1753 1124 1824 fiatis
1148 1776 1350 1850 gnaro
1373 1774 1506 1821 uon
1527 1748 1863 1822 defuturos
1881 1754 1946 1820 in
1968 1747 2105 1821 His
2131 1757 2270 1823 ania
2294 1807 2315 1839 ,
2357 1759 2476 1849 qui
2497 1777 2830 1825 armorum

658 1846 829 1921 avidi
853 1870 963 1919 aut
989 1872 1109 1943 pro
1132 1852 1311 1944 regni
1337 1846 1545 1943 gloria
1563 1860 1927 1929 certantes‘,
1975 1776 2171 1917 vergii
2192 1847 2298 1919 illa
2319 1848 2404 1919 de
2435 1852 2829 1922 Batavorum

657 1942 951 2014 libertate
976 1963 1312 2037 arguerent
1331 1995 1352 2028 ‚
1390 1938 1736 2037 praesertim
1759 1964 1906 2011 cum
1927 1963 2047 2010 nec
2066 1939 2267 2012 lndiae
2286 1947 2702 2013 commercio
2724 1942 2826 2013 de-

662 2039 967 2108 cederent
988 2040 1204 2107 Batavi
1235 2090 1256 2123 ,
1292 2058 1408 2106 nec
1430 2038 1497 2104 in
1521 2033 2025 2115 Romanenfium
2045 2039 2319 2130 gratiam
2336 2035 2697 2132 quicquam
2711 2037 2825 2107 fla

663 2137 759 2201 tui
784 2150 1155 2244 paterentur
1175 2182 1193 2214 ,
1236 2127 1465 2201 misere
1480 2152 1564 2200 eo
1584 2133 1612 2199 1
1618 2130 1833 2198 uicum
1847 2144 1878 2212 ··,
1905 2128 2375 2201 Bruxellensem
2398 2133 2826 2217 sacerdotem,

662 2226 957 2322 Hispana
981 2230 1052 2293 δε
1073 2223 1275 2294 nobili
1292 2223 1862 2309 edom0,Alberto
1881 2228 1953 2291 δε
1977 2221 2163 2293 fieris
2180 2223 2827 2311 con‘feffionibus‚&‚

374 2348 474 2406 0„-
490 2347 631 2408 indm
667 2321 851 2414 quod
876 2318 1077 2390 ferme
1097 2320 1502 2388 connectitur
1529 2371 1548 2401 ,
1572 2314 1852 2391 confilii's
1869 2321 2198 2389 intimum.
2250 2319 2453 2391 Iuffus
2482 2321 2596 2392 bic
2617 2320 2833 2392 osten·

333 2419 431 2484 rias
447 2420 582 2474 omns·
624 2489 635 2503 .
665 2416 818 2483 dere
839 2466 857 2497 ,
900 2436 1046 2507 quae
1065 2412 1417 2481 commoda
1439 2434 1556 2506 per
1576 2411 1863 2482 inducias
1882 2411 2196 2483 Flandriae
2212 2415 2513 2509 portibus
2544 2469 2569 2501 ‚
2592 2417 2834 2511 quibus
2891 2425 2892 2440 ¹

449 2508 594 2564 ΨΜ
753 2530 785 2576 ι·
804 2530 977 2576 arma
997 2530 1033 2575 a
1083 2509 1207 2575 itus
1229 2529 1265 2575 c
1290 2530 1369 2573 au
1429 2524 1457 2573 ‘t
1492 2528 1562 2575 re
1588 2510 1603 2574 i
1659 2509 1791 2596 ioni
1863 2529 1951 2575 uo
2003 2532 2080 2578 ue
2101 2508 2499 2581 Romanenfi
2512 2534 2598 2580 au
2806 2551 2836 2564 -

336 2502 460 2615 ῬΜ
544 2505 636 2618 42
671 2529 752 2603 pe
1037 2505 1078 2575 d
1243 2500 1289 2574 'l
1374 2505 1418 2577 fi
1562 2505 1582 2574 l
1813 2528 1861 2600 q
1953 2529 1998 2601 q
2601 2533 2806 2608 grum

328 2579 410 2688 ᾖ,
426 2580 604 2702 ἔξω,
668 2621 733 2670 ta
765 2597 812 2671 s
877 2604 1000 2671 rari
1037 2597 1303 2693 quando
1322 2601 1478 2673 odia
1509 2529 2010 2671 deigrvescereut
2042 2606 2213 2672 inter
2248 2604 2478 2673 avidos
2500 2627 2836 2675 novorum

523 2697 527 2701 ’
590 2695 599 2702 ’
666 2697 743 2764 &
806 2716 843 2764 e
857 2691 1046 2763 [acris
1062 2687 1419 2763 discordes.
1492 2695 1738 2789 Neque
1758 2696 2096 2767 metuenda
2120 2699 2390 2768 nimium
2406 2698 2619 2769 verba
2639 2699 2750 2769 ina
2773 2706 2838 2772 iu

657 2788 1034 2883 ambiguum
1052 2787 1377 2882 implicata
1400 2789 1441 2872 ξ’
1459 2810 1607 2885 quae
1628 2812 1762 2859 non
1784 2788 1992 2860 modo
2017 2812 2242 2886 regum
2265 2790 2460 2886 legati
2482 2790 2833 2865 affer-erent

657 2882 816 2952 nihil
855 2879 1143 2977 Hispano
1161 2881 1428 2952 demere
1450 2936 1470 2967 ,
1516 2879 1623 2953 sed
1652 2886 1725 2952 &
1765 2885 2168 2956 Batavorum
2191 2886 2483 2983 plerique
2501 2887 2834 2959 subtiliter

652 2975 1016 3055 cavillando
1034 2980 1244 3047 inania
1262 2973 1727 3053 monstrassent.
1757 2975 1847 3049 Vt
1871 2978 2005 3047 haec
2021 3000 2248 3050 contra
2270 2980 2642 3052 nitentibus
2667 3005 2832 3078 prz-

653 3071 935 3141 valerent
955 3123 976 3156 ‚
1017 3075 1367 3149 maximum
1400 3067 1656 3165 pondus
1673 3066 1941 3140 ‘addidit
1967 3071 2436 3168 flagrantissima
2461 3095 2628 3146 tunc
2652 3076 2828 3171 apud

650 3164 1021 3260 Philippum
1038 3170 1241 3260 gratia
1260 3187 1394 3234 non
1413 3164 1618 3233 aulam
1637 3162 1842 3233 modo
1865 3191 1885 3249 5
1909 3164 2024 3236 sed
2044 3174 2119 3234 ὄσ
2142 3171 2271 3238 vim
2297 3167 2820 3241 confiliorumin

648 3257 713 3327 Ie
736 3261 993 3329 trahens
1015 3261 1266 3328 Lermae
1284 3256 1415 3327 dux
1437 3311 1457 3341 ,
1503 3261 1675 3353 pacis
1695 3259 1938 3330 artibus
1961 3258 2199 3332 florens
2223 3315 2243 3347 ‚
2276 3283 2498 3356 eoque
2517 3285 2823 3335 metuens

381 3353 622 3463 13th
656 3375 736 3422 ne
754 3352 860 3424 alii
886 3375 998 3449 per
1014 3373 1193 3447 parta
1211 3351 1383 3424 bello
1405 3352 1643 3423 decora
1661 3347 1847 3422 al'tius
1867 3351 2338 3426 attollerentur.
2355 3360 2514 3426 Hoc
2534 3363 2826 3454 primum

326 3454 565 3539 Arausa-0
658 3469 834 3517 anno
855 3450 923 3531 in
971 3447 1247 3518 Batavos
1263 3449 1439 3518 venit
1480 3446 1812 3544 Philippus
1838 3447 2218 3519 wilhelmus
2266 3455 2576 3548 princeps
2617 3458 2826 3523 Ann-

323 3524 622 3652 mfigf'ff
658 3538 957 3612 fionenfis
978 3591 998 3626 ‚
1036 3543 1330 3610 Mauritii
1378 3538 1573 3612 frater
1614 3557 1767 3610 natu
1811 3544 2019 3636 major
2039 3597 2060 3631 ‚
2110 3543 2260 3613 belli
2297 3564 2429 3615 tem
2529 3571 2614 3619 ne
2673 3548 2826 3621 elffii
2891 3611 2892 3614 ,

250 3640 257 3648 ’
323 3609 523 3726 ἔξω
536 3617 624 3728 ,οἳ
656 3635 805 3704 aeto
827 3689 847 3721 ‚
872 3631 1047 3711 nu‘uc
1072 3637 1405 3706 communi
1429 3636 1721 3705 omnium
1730 3637 1877 3730 jure
1894 3633 2059 3709 usus·
2118 3637 2356 3712 Causas
2378 3664 2423 3710 o
2473 3641 2822 3724 tendebat,

323 3741 415 3823 m}
507 3727 514 3738 ’
656 3749 728 3798 ut
751 3726 1283 3823 perinduciarum
1303 3726 1520 3799 foedus
1556 3726 1675 3798 suis
1693 3752 1961 3826 quoque
1996 3733 2365 3804 commodis
2431 3736 2685 3839 rospici
2705 3761 2827 3806 cu-

649 3842 825 3904 raret
844 3875 865 3905 ‚
889 3819 994 3892 sed
1021 3826 1096 3890 δε
1117 3820 1299 3917 quod
1325 3877 1345 3909 ,
1368 3824 1616 3896 Gallica
1634 3826 1937 3909 affinitate
1953 3826 2209 3896 inclitus
2230 3881 2249 3913 ,
2283 3853 2390 3910 me
2414 3834 2513 3900 ius
2532 3838 2826 3928 ipen-aret

647 3914 904 4012 tranfigi
929 3912 1105 4011 poste
1127 3912 1541 4012 praebentibus
1565 3916 1789 3988 Galliae
1806 3918 2032 4016 legatis
2057 3970 2077 4005 ,
2122 3943 2268 4015 quae
2285 3926 2406 4019 ipfi
2424 3947 2586 3996 cum
2600 3925 2827 3995 fratri-

647 4009 769 4083 bus
827 4028 1088 4107 paterna
1143 4009 1227 4080 de
1261 4009 1630 4082 haereditate
1668 4010 2187 4112 disceptabantur
2235 4040 2254 4085 :
2305 4024 2567 4115 lequius
2609 4023 2827 4090 intet-

645 4103 1040 4201 pret-tutibus
1059 4101 1199 4185 aliis
1221 4156 1241 4190 ,
1291 4104 1463 4190 velut
1501 4124 1728 4193 contra
1748 4105 2028 4198 fraterna
2069 4109 2333 4194 confilia
2353 4107 2537 4214 pacis
2579 4111 2832 4204 add—{et

2675 4211 2814 4282 luu-
