2900 4628
425 151 1470 233 Hl‘sToRIARvM
1549 152 1791 220 [ΡΒ.
1869 151 2136 221 XVll.
2224 168 2350 242 559

187 258 336 327 cem
364 254 772 356 Hispanicam
793 280 1029 332 emere.
1093 262 1269 331 Mox
1295 257 1419 333 alia
1435 258 1886 332 Lusitanorum
1905 264 2154 355 navigia
2181 313 2204 347 ‚
2240 258 2348 345 sed
2430 263 2634 341 1608.

185 350 274 421 ad
291 375 713 425 mercaturam
733 352 967 425 stru&
989 405 1012 440 ‚
1060 357 1126 425 in
1197 354 1433 425 raedam
1454 358 1739 427 veniunt.
1807 353 2181 425 Ambonam
2200 355 2351 433 hinc

186 468 609 543 properatum
637 501 659 534 ‚
709 446 818 518 ubi
857 451 1093 520 amanti
1142 472 1308 520 imus
1347 451 1568 519 Batavi
1613 451 1894 519 nominis
1927 471 2015 545 po
2066 449 2204 519 ulus
2243 470 2350 517 ar-

183 562 332 609 cem
373 564 607 638 magna
633 540 743 612 dili
793 547 964 614 entia
985 541 1369 613 aedificabat.
1437 541 1796 613 Matelih‘us
1823 542 2013 613 dnoe
2065 550 2104 612 e
2125 544 2347 637 praeci-

182 655 315 729 pua
354 636 603 707 vincula
623 640 751 706 exii
789 641 799 651 ‘
871 659 984 707 ans
1009 689 1030 723 ,
1076 641 1263 732 queis
1284 636 1505 723 alien&
1518 654 1745 732 gentes
1763 640 1932 707 inter
1949 634 2346 708 secoalesce-

181 747 331 797 rent
356 781 377 815 ,
424 734 840 802 matrimonia
874 746 951 800 ac
986 730 1368 827 religionem
1391 784 1413 816 ,
1461 729 1633 802 ficta
1665 730 1745 802 ad
1788 729 2096 823 tradenda
2133 735 2343 827 magi-
2403 747 2436 801 ,’

180 818 349 907 stros
390 819 602 896 {ecum
637 823 914 895 habebat
953 825 1204 911 nullos,
1254 824 1422 897 haud
1466 823 1614 901 (ἑᾶς
1645 826 1937 895 imitante
1974 847 2120 921 quae
2156 823 2337 895 estin

180 911 435 987 Batavis
465 915 767 989 societate
801 913 1068 1015 Hispani
1100 920 1506 1017 prudentiam
1533 972 1554 1006 ,
1601 922 1716 1015 qui
1740 922 2133 1017 praecipuum
2157 918 2337 1011 regni

175 1008 674 1084 instrumentum
716 1012 909 1084 habet
948 1012 1231 1083 Iesuitas.
1301 1013 1629 1084 Caeterum
1654 1014 1764 1107 jus
1797 1014 2112 1084 connubii
2143 1014 2337 1082 Bata-

175 1105 277 1174 vis
312 1105 444 1177 illic
491 1106 850 1203 praefidium
897 1106 1345 1179 obtinentibus
1397 1131 1562 1177 cum·
1594 1107 1916 1204 indigenis
1960 1104 2333 1176 mulieribus

174 1194 302 1268 effe
340 1199 544 1271 voluit
570 1252 593 1285 ,
690 1225 779 1270 uo
814 1197 1064 1271 facilius
1100 1206 1475 1299 propagatis
1494 1197 1757 1272 familiis
1781 1201 2059 1271 coloniae
2079 1204 2333 1272 initium

172 1288 386 1363 fieret.
436 1299 514 1365 In
536 1224 846 1365 TiAErim
862 1291 1161 1367 exscendi
1174 1293 1395 1367 brevia
1419 1294 1855 1391 prohibebant
1879 1346 1901 1381 ,
1929 1316 2142 1390 neque
2169 1318 2328 1368 vero

164 1407 257 1455 ex
288 1385 395 1456 usu
430 1408 567 1459 erat
587 1439 608 1473 ,
653 1409 767 1459 aut
802 1388 1119 1485 dignitate
1148 1388 1362 1462 invadi
1384 1413 1530 1486 quae
1547 1380 1707 1461 m'ox
1728 1411 1840 1484 per
1862 1388 2198 1463 hominum
2224 1394 2336 1484 pe-

158 1483 427 1551 -nuriam
459 1483 629 1569 nuda
667 1482 834 1555 hosti
868 1504 1372 1580 exponerentur.
1442 1483 1713 1555 Rectius
1749 1478 1948 1556 visum
1981 1486 2329 1569 Ternatae,

152 1575 352 1669 cujus
392 1576 690 1649 Austrina
723 1580 993 1672 regione
1029 1577 1348 1675 oppidum
1384 1576 1566 1670 justis
1600 1579 2011 1648 munimentis
2035 1575 2330 1647 firmave-

152 1687 270 1738 -rat
290 1668 610 1765 Hispanus
638 1722 659 1757 ‚
711 1675 785 1740 &
807 1671 1290 1769 quadringentis
1314 1671 1623 1743 militibus
1649 1669 1960 1742 insederat
1978 1668 2322 1742 obversum

168 1763 238 1832 in
252 1764 776 1857 Septentrionem
796 1764 1100 1861 angulum
1123 1818 1142 1851 ‚
1190 1789 1316 1861 qua
1337 1769 1518 1839 vicus
1533 1765 1625 1837 est
1649 1765 1884 1837 Malaia
1899 1767 2162 1835 nomine
2183 1815 2204 1851 ,
2246 1768 2325 1833 &

159 1854 344 1949 juxta
382 1882 527 1955 pars
564 1857 822 1956 frugum
857 1862 1130 1929 maxima
1151 1913 1173 1944 ‚
1217 1859 1476 1930 castello
1507 1883 1584 1930 ac
1607 1858 2100 1956 propugnaculis
2119 1880 2324 1928 occu-

164 1973 320 2114 pare
357 1976 377 2021 :
421 1975 492 2023 ut
527 1957 641 2048 qui
673 1954 829 2022 inde
863 1975 979 2049 per
999 1949 1267 2050 Hispani
1288 1954 1622 2027 victoriam
1640 1958 1707 2024 in
1725 1973 1978 2023 montes
1999 1971 2106 2021 aut
2129 1949 2323 2023 Gilo-

190 2068 298 2115 um
333 2045 608 2143 aliasque
645 2045 870 2117 insulas
908 2046 1330 2144 profligerant
1356 2101 1375 2133 ‚
1423 2048 1590 2119 duce
1610 2045 1941 2117 Modefari
1957 2050 2193 2140 captivi
2216 2068 2323 2115 re-

163 2142 264 2235 gis
283 2138 451 2225 filio,
476 2136 709 2237 patrias
730 2160 1091 2238 repeterent
1113 2142 1307 2215 ledes.
1364 2140 1672 2213 Proceffit
1692 2165 1791 2212 res
1812 2139 2110 2226 feliciter,
2127 2146 2330 2233 atque

164 2233 274 2305 ubi
315 2239 381 2305 in
424 2232 598 2333 spem
636 2235 1001 2307 defensandi
1039 2237 1242 2311 mole-s
1261 2240 1480 2334 operis
1499 2253 1860 2308 excreverat
1884 2287 1905 2324 ,
1955 2231 2323 2334 digrediens

162 2331 520 2416 Matelifius
543 2387 564 2419 ,
585 2330 913 2404 .custodiae
932 2331 1063 2404 loci
1082 2332 1504 2430 quadraginta
1519 2337 1808 2428 quinque
1825 2332 2118 2402 homines
2139 2327 2322 2400 dele·-
2441 2341 2456 2350 “

159 2430 299 2590 gat,
314 2425 551 2508 additis
568 2445 851 2522 quatuor
868 2428 1303 2522 navibus‚quae
1371 2430 1699 2522 ropinquo
1715 2429 1876 2496 mari
1894 2427 2317 2497 vefiarentut..

216 2519 405 2592 oedus
438 2518 679 2591 factum
713 2544 862 2591 cum
896 2525 1196 2592 Ternatae
1231 2544 1300 2592 re
1365 2522 1591 2592 oribus
1623 2519 1811 2617 quale
1826 2544 1976 2592 cum
1997 2520 2318 2608 Bandanis

158 2615 345 2687 oiim.
368 2613 687 2685 Additum
700 2616 796 2685 ob
816 2619 1155 2708 imminens
1177 2616 1533 2711 periculum
1555 2613 1847 2711 praesenti
1869 2633 1939 2684 ut
1963 2613 2318 2710 auxilioju-

156 2731 458 2781 varentur
475 2763 496 2795 ,
517 2714 591 2779 δε
622 2732 704 2780 ne
728 2713 946 2781 Batavi
970 2733 1192 2805 pacem
1214 2731 1322 2779 aut
1344 2710 1631 2780 inducias
1652 2732 1800 2778 cum
1823 2710 2118 2803 Hispanis
2139 2706 2316 2780 face-
2432 2733 2456 2800 Ι·

156 2823 329 2890 rent,
352 2802 465 2875 nifi
485 2808 668 2899 queis
689 2802 777 2872 illi
795 2802 1516 2897 comprehenderentur.
1564 2805 1938 2896 Maquianis
1954 2800 2165 2871 insulse
2188 2824 2315 2897 po-

203 2897 324 2969 ulis
340 2897 643 2992 obloqui
667 2894 777 2967 sub
792 2901 1074 2968 Ternata
1089 2897 1455 2984 olim,nunc
1474 2896 1748 2967 Tidoris
1770 2898 2049 2992 imperio
2068 2917 2318 2990 preme-

201 3013 417 3078 antur,
442 2992 523 3062 ad
547 2988 964 3063 rebellionem
988 2989 1430 3063 festinantibus
1444 2990 2037 3084 edicit,premerent
2055 2988 2316 3060 laudan·

50 3130 72 3149 -·
150 3087 265 3172 da,
278 3085 386 3159 sed
408 3091 775 3171 immatura,
790 3082 1051 3160 confilia
1074 3089 1139 3155 in
1159 3109 1343 3157 novae
1362 3084 1561 3157 claffis
1585 3085 1954 3156 adventum.
2001 3080 2143 3179 Ipse
2160 3107 2312 3153 cum

142 3181 359 3253 tribus
391 3180 659 3252 navibus
693 3179 1024 3251 ac¹celoce
1058 3203 1182 3250 una
1204 3179 1390 3252 Sinas
1426 3181 1591 3276 petit
1615 3233 1636 3265 ,
1684 3181 1978 3275 expetito
2000 3176 2109 3247 diu
2132 3202 2315 3249 com-

148 3279 400 3347 mercio
423 3274 698 3346 inhians.
762 3272 891 3344 Sed
914 3296 950 3341 a
972 3274 1384 3346 Mandorinis
1427 3273 1539 3365 (id
1556 3271 1894 3370 praesidum
1912 3295 2153 3343 nomen
2173 3270 2307 3365 est)

148 3369 265 3440 diu
306 3368 533 3440 frustra
573 3367 829 3442 habitus
852 3419 873 3453 ,
920 3365 1264 3439 Lufitanos
1285 3368 1682 3439 Machaunte
1701 3365 2017 3460 conspicit
2039 3364 2148 3436 sex
2170 3390 2313 3437 ma-

196 3468 295 3534 nis
329 3463 593 3535 navibus
618 3466 691 3532 &
716 3460 1075 3532 minoribns
1116 3460 1256 3532 aliis
1274 3470 1339 3534 in
1357 3460 1420 3534 se
1440 3462 1677 3534 invehi.
1745 3465 2192 3533 Temerarium
2212 3464 2312 3532 vi·
2373 3498 2381 3518 ι

192 3559 426 3630 ebatur
462 3561 526 3627 in
567 3553 917 3652 conspectu
943 3559 1157 3652 gentis
1178 3560 1422 3653 ignotae
1450 3553 1684 3628 lamam
1700 3558 1988 3650 viresque
2011 3559 2074 3625 in
2090 3553 2314 3626 discri-

134 3676 304 3724 -men
341 3651 661 3724 adducere
684 3703 706 3736 ‚
753 3651 1104 3746 imparibus
1150 3655 1385 3748 copiis.
1455 3648 1829 3722 Accedebat
1914 3652 2045 3720 uod
2067 3673 2257 3723 naves
2283 3704 2307 3734 ,

134 3767 225 3819 -ut
264 3744 518 3816 solitum
532 3747 752 3841 longis
774 3768 850 3815 ac
874 3747 1204 3840 perpetuis
1225 3744 1562 3820 itineribus
1582 3800 1602 3832 ‚
1645 3674 1961 3839 stluallidae
1983 3748 2056 3814 δε
2079 3761 2196 3842 per
2213 3748 2308 3816 in-

136 3844 557 3940 quinamenta
580 3861 934 3935 praegraves
949 3857 1149 3908 erant.
1178 3845 1407 3937 Igitur,
1426 3837 1540 3936 spe
1551 3862 1783 3936 magna
1802 3838 2119 3924 excussus,
2136 3842 2308 3912 viam

132 3935 434 4035 relegens
479 3932 775 4030 intelligit
813 3931 1133 4025 dejedum
1168 3938 1233 4005 in
1278 3940 1565 4005 Ternata
1603 3934 1864 4006 fortiter
1909 3933 2304 4030 Hispanum,
2405 3967 2411 3974 ·

128 4053 293 4113 cum
332 4034 421 4107 in·
444 4049 612 4102 nova
654 4030 1050 4104 munimenta
1070 4029 1385 4127 impetum
1402 4025 1671 4126 fecisset.
1739 4031 1831 4126 At
1853 4032 2020 4103 Iorae
2040 4049 2307 4192 regilla),

1473 4177 1476 4180 .
2097 4143 2138 4191 e
2238 4144 2311 4193 a·-
