2900 4628
603 187 731 258 162
1030 169 1689 271 HvGoNts
1804 175 2379 267 GROTLL

303 300 511 395 1589.
591 288 888 399 nondum
923 289 1319 396 projecerat..
1399 282 1727 394 zelandia·
1756 306 2025 394 quoque
2045 338 2067 373 ,
2121 288 2317 395 armis
2357 309 2397 357 a
2432 280 2525 360 fixi
2551 283 2762 364 tutela

467 409 472 414 ’
587 385 851 482 longius
889 380 1204 453 translatis
1229 432 1252 465 ‚
1299 405 1368 451 m
1408 379 1674 451 tributis
1708 377 2056 452 interendis
2095 376 2451 451 refrixerat.
2502 384 2630 453 His
2653 405 2763 455 ut·

591 502 851 572 cunque
868 472 1248 572 compofitis
1268 525 1291 561 ,
1341 496 1492 570 vere
1509 469 1650 569 ipio
1665 471 1970 571 proditur
1995 525 2018 560 ‚
2038 487 2051 570 J
2067 472 2252 547 nullo
2271 497 2451 549 novo
2473 474 2762 563 delfflu,

589 569 698 644 sed
719 591 789 641 ut
826 568 1237 667 supplerent,
1280 588 1723 662 augerentque
1767 587 2072 639 numeros
2092 619 2115 654 ‚
2168 566 2468 640 mandata
2505 566 2765 666 Centu-

591 675 809 736 riones
827 679 1232 760 acceperant.
1295 665 1396 733 Ita
1414 685 1497 733 ex
1518 661 1769 756 Batavis
1792 712 1815 745 ,
1861 658 2207 760 Frisiisque
2237 661 2396 732 οᾶο
2416 660 2623 756 ferme
2643 690 2765 762 pe·

593 760 805 828 ditum
828 757 1023 829 millia
1058 758 1280 826 coiere
1316 750 1346 840 ‚⁸
1388 758 1644 862 equites
1684 752 1859 828 mille
1943 757 2276 852 uingenti3
2315 743 2765 832 macliinarum

552 845 559 852 ’
596 855 876 946 majores
914 854 1129 921 minor
1249 870 1329 916 ue
1363 871 1525 944 quin
1574 853 1857 947 uaginta.
1986 846 2056 920 bi
2096 849 2328 922 ultimo
2362 843 2768 928 Transisalass

305 952 528 1011 suml-
595 970 831 1034 norum
853 941 984 1015 fine
1009 996 1033 1030 ,
1058 946 1173 1039 qui
1245 939 1422 1015 rifios
1538 946 1699 1038 picit
1718 995 1740 1030 ,
1780 941 1861 1012 ad
1884 945 2123 1014 moenia
2140 944 2472 1018 Stenovici
2489 965 2765 1018 ventum

266 1043 385 1084 ‘'⁴¹'’
397 1024 513 1102 obfi-
596 1041 715 1125 est,
741 1042 1025 1109 occurrit
1046 1040 1274 1132 ingens
1296 1059 1572 1134 operum
1606 1036 1805 1107 facies
1827 1088 1849 1123 ,
1899 1058 2018 1108 nec
2048 1039 2267 1109 minor
2287 1060 2332 1107 o
2430 1038 2520 1110 idi
2542 1037 2759 1112 fama:

595 1136 782 1231 queis
816 1133 1018 1204 territi
1063 1154 1267 1227 nuper
1300 1133 1369 1200 in
1410 1128 1743 1201 Ordinum
1795 1126 2088 1201 consessu
2126 1062 2425 1203 nonmffl}
2445 1187 2469 1219 ‚
2502 1129 2767 1207 externi

594 1250 865 1324 quoque
947 1226 1221 1321 rincipes
1263 1225 1398 1296 hoc
1445 1223 1783 1298 confilium
1840 1227 2217 1296 temeritatis
2272 1224 2760 1314 damnaverant.

593 1317 794 1393 Hunc
837 1343 875 1390 e
927 1343 965 1391 e
1009 1320 1230 1391 locum
1274 1323 1698 1404 meminerant
1736 1371 1758 1406 ,
1823 1316 1995 1390 unde
2039 1317 2341 1391 trimestri
2371 1318 2456 1392 ab
2491 1319 2759 1395 obfidio

594 1413 1125 1514 Renncbergium
1150 1407 1530 1508 depulissent
1572 1436 1597 1482 ε
1645 1412 1766 1485 uec
1785 1410 1878 1487 illi
1901 1417 2221 1485 minorem
2238 1420 2623 1503 exercitum,
2647 1437 2760 1488 aut

595 1528 751 1580 tunc
791 1533 864 1581 ea
909 1510 1306 1580 munimenta
1338 1502 1522 1579 fuisse
1543 1558 1566 1593 ,
1612 1530 1758 1603 quae
1795 1503 1938 1580 uffis
1966 1509 2315 1607 'metusque
2344 1512 2759 1584 invenerant.

594 1605 778 1676 Nam
803 1602 1119 1700 Hispanus
1142 1598 1485 1698 postquam
1519 1599 1652 1674 astu
1687 1621 1950 1703 ceperat
1971 1654 1994 1689 ,
2041 1621 2215 1673 ratus
2250 1600 2374 1673 illis
2392 1603 2566 1675 velut
2585 1603 2762 1677 clau·

592 1696 734 1770 stris
756 1697 808 1767 F
810 1696 1014 1769 rifiam
1038 1698 1240 1792 premi
1265 1749 1286 1782 ,
1339 1698 1413 1766 &
1431 1700 1623 1778 maris
1641 1696 1842 1769 finum
1877 1699 2143 1798 navigiis
2166 1694 2462 1770 infestum
2480 1785 2483 1792 ¹
2498 1698 2755 1787 haberi,

591 1790 910 1886 adjecerat
942 1791 1176 1861 cun&
1209 1787 1544 1861 hodiernis
1582 1791 2051 1876 munitionibus
2083 1786 2270 1863 solita
2312 1788 2602 1864 adversus
2618 1798 2757 1866 vim

305 1896 552 1978 ορρειιὶβ-
591 1884 751 1956 olim
778 1888 1201 1982 incognitam.
1268 1885 1430 1977 Qa
1475 1885 1734 1982 pelagus
1774 1882 2138 1985 prospectat
2174 1884 2414 1957 humile
2448 1883 2650 1957 solum
2674 1890 2754 1960 δε

265 1976 563 2044 Μάνη»
594 1978 871 2080 palustre
889 1978 1030 2050 satis
1049 1977 1290 2076 placuit
1318 2032 1339 2064 ‚
1382 2000 1552 2076 aegre
1571 1980 1829 2078 vestigia
1852 2034 1875 2066 ‚
1898 1978 2150 2072 ,nedum
2190 1978 2509 2052 machinas
2534 1984 2757 2082 δεῦρ,

267 2044 505 2107 Μ’·
586 2072 923 2176 pugnandi
961 2073 1202 2144 molem
1247 2072 1495 2146 feren&
1573 2071 1736 2146 Ideo
1771 2075 1996 2147 leviter
2027 2072 2282 2171 aggesta
2298 2069 2543 2156 'humus
2578 2075 2755 2147 clau·

586 2170 693 2262 ‘dit
726 2168 846 2239 hac
882 2193 983 2238 ma
1035 2170 1085 2238 is
1124 2191 1320 2265 quam
1355 2166 1562 2237 munit
1614 2168 1956 2280 oppidum.
2011 2168 2269 2239 Partem
2305 2168 2574 2241 alteram
2611 2193 2755 2242 am-

588 2264 688 2337 bit
704 2285 901 2360 agger
927 2312 949 2348 ,
984 2190 1155 2334 {mo
1178 2283 1369 2342 tenax
1390 2312 1410 2347 ‚
1440 2284 1637 2357 quem
1659 2262 2006 2358 mterjeaae
2020 2257 2361 2334 concaedes
2378 2259 2577 2339 firmo
2593 2288 2755 2361 ope·-

587 2382 732 2429 rum
769 2379 936 2426 nexu
965 2353 1383 2427 devinxerant
1432 2378 1453 2423 :
1503 2356 2011 2456 propugnaculis
2053 2355 2407 2452 majoribus
2445 2356 2704 2432 duobus
2725 2411 2755 2447 ,

586 2457 755 2523 inter
791 2448 1330 2520 haecminoribus
1372 2448 1653 2522 totidem
1688 2504 1709 2538 ‚
1758 2475 1870 2548 pet
1909 2456 2112 2522 artem
2150 2450 2627 2539 eminentibus,
2676 2473 2756 2525 ut

585 2545 1109 2642 oppugnantium
1147 2542 1341 2614 latera
1379 2543 1668 2642 undique
1704 2544 1817 2616 sub
1856 2546 2019 2617 iaus
2060 2542 2307 2617 darent.
2374 2548 2614 2617 Lorica
2652 2542 2758 2617 suo

675 2633 1064 2708 rdefensuris
1105 2640 1479 2733 praetexitur
1524 2662 1547 2708 ε
1599 2640 1675 2708 &
1715 2642 1783 2710 in
1825 2644 1963 2713 imo
2005 2642 2400 2711 munimenta
2420 2636 2756 2713 adversum

613 2732 925 2802 ubcuntes
951 2782 972 2816 ,
1009 2754 1170 2804 mox
1209 2754 1556 2841 perpetuus
1590 2732 1886 2830 palorum
1925 2731 2123 2805 ordo.
2188 2735 2448 2806 Dehinc
2481 2730 2645 2805 soffa
2681 2736 2757 2809 in

587 2847 896 2898 centenos
915 2823 1114 2922 pedes
1136 2877 1159 2914 ‚
1204 2852 1273 2897 m
1292 2830 1488 2923 quam
1509 2851 1675 2923 aqua
1700 2849 1988 2900 rotarum
2024 2825 2752 2917 haustuattrahebatur‘,

471 2923 511 2977 -'
585 2944 789 3019 parvo
828 2942 912 2989 ex
954 2940 1150 2990 amne
1174 2972 1195 3006 ‚
1244 2924 1358 3015 qui
1405 2944 1490 2992 ex
1531 2925 1858 2993 Tan-antiis
1902 2918 2191 2993 adfluens
2221 2975 2243 3010 ,
2294 2926 2369 2994 δι
2412 2921 2756 3018 aliquanto

582 3036 782 3119 quam
802 3010 963 3084 foffa
988 3012 1072 3083 de
1118 3011 1340 3086 reffior
1362 3069 1385 3104 ,
1432 3014 1586 3088 inde
1616 3014 1970 3088 Blocfilum
2002 3035 2268 3113 portum
2288 3034 2513 3117 petens
2533 3067 2556 3103 ,
2600 3015 2657 3086 F
2658 3019 2757 3088 ri-

583 3110 781 3179 11cum
803 3106 1005 3180 finum
1029 3106 1072 3175 il
1098 3106 1335 3180 abitur.
1386 3111 1584 3181 Extra
1604 3107 1831 3183 fossam
1854 3109 2010 3182 alius
2042 3132 2241 3213 agger
2257 3109 2548 3185 excubiis
2566 3129 2758 3182 teue-

586 3201 776 3283 batur
799 3255 819 3287 ,
862 3203 1395 3299 proruptionibus
1412 3206 1820 3299 oportunus,
1862 3204 2183 3276 &leniter
2198 3200 2483 3287 devexus
2527 3232 2549 3274 e
2596 3228 2755 3279 nam

590 3317 738 3391 quae
760 3295 1021 3367 ulterius
1065 3316 1247 3367 erant
1273 3302 1668 3368 munimenta
1708 3297 2009 3370 ab'unt‘Ia
2051 3296 2530 3396 oppidofacile
2547 3294 2756 3370 cesse-

215 3480 220 3483 ·
293 3406 500 3484 ossea,-
535 3400 542 3404 ’
581 3390 690 3481 ssre.
744 3386 1179 3461 Circumseffis
1215 3396 1515 3462 numerus
1563 3394 1638 3460 δε
1661 3390 1753 3463 ob
1813 3392 2038 3465 inatio.
2086 3397 2342 3465 Armati
2363 3391 2541 3464 mille
2558 3392 2753 3489 pedi·-

260 3492 560 3538 ΜΝ
594 3504 692 3554 tes
714 3537 735 3569 ,
781 3488 1032 3580 equites
1051 3482 1412 3581 sexaginta,
1439 3483 1627 3557 *haud
1663 3484 1861 3584 ampli
1895 3487 2127 3585 oppidi
2148 3483 2346 3584 spatia
2378 3485 2749 3561 tuebantur.

246 3550 523 3698 fga*
592 3579 845 3649 Omnes
886 3596 1170 3649 extrema
1210 3574 1511 3676 paffuros·
1538 3582 1756 3675 potius
1782 3632 1805 3667 ‚
1849 3603 2046 3677 quam
2080 3580 2447 3679 ,prcefiffium
2482 3584 2751 3653 amitte-

447 3661 464 3680 ’
588 3691 777 3757 rent,
822 3673 1006 3765 isqui
1025 3692 1293 3768 praeerat
1333 3674 1659 3744 Antonius
1682 3671 2043 3773 Coquellus
2070 3674 2191 3747 ade
2346 3671 2749 3748 tlacramen-

483 3810 488 3815 ‹
549 3846 552 3853 ⁴
587 3786 662 3835 to
686 3796 708 3850 3
734 3764 916 3860 quod
937 3789 1017 3834 ex
1043 3786 1260 3837 rerum
1282 3763 1683 3863 scquentium
1707 3767 2179 3878 neceffitatepo
2249 3772 2747 3867 interpretaren-

577 3876 706 3929 tur.
758 3859 912 3929 Nec
935 3859 1144 3928 minus
1166 3867 1487 3955 paucitate
1505 3860 1781 3932 bostium
1802 3868 1997 3959 quam
2017 3861 2138 3935 ssus
2171 3864 2641 3937 munitionibus
2668 3867 2746 3933 δε

575 3950 688 4047 spe
709 3950 927 4021 auxilii
950 3948 1393 4026 firmabantur.
1443 3960 1544 4025 Ac
1561 3959 1827 4060 propria
1861 3954 2128 4066 quidam
2165 3957 2746 4054 Gertrudisberga-

580 4050 648 4118 ni
671 4043 1356 4142 flagitiicouicientia,
1398 4052 1547 4124 vitae
1586 4048 2030 4150 deiperatxone
2060 4073 2345 4126 mortem
2381 4049 2744 4152 contemie·

899 4152 906 4161 ⁶
1072 4159 1101 4186 ’
1610 4176 1621 4185 ·
2252 4158 2255 4159 ⁷
2349 4172 2373 4187 ·
2498 4213 2509 4219 ,
2560 4162 2728 4217 rant.
