<?xml version="1.0" encoding="UTF-8"?>
<!DOCTYPE html PUBLIC "-//W3C//DTD XHTML 1.0 Transitional//EN"
    "http://www.w3.org/TR/xhtml1/DTD/xhtml1-transitional.dtd">
<html xmlns="http://www.w3.org/1999/xhtml" xml:lang="en" lang="en">
 <head>
  <title>
</title>
<meta http-equiv="Content-Type" content="text/html;charset=utf-8" />
  <meta name='ocr-system' content='tesseract 3.04.00' />
  <meta name='ocr-capabilities' content='ocr_page ocr_carea ocr_par ocr_line ocrx_word'/>
</head>
<body>
  <div class='ocr_page' id='page_1' title='image "./annalesethistor00grotgoog_0336.png"; bbox 0 0 2900 4628; ppageno 0'>
   <div class='ocr_carea' id='block_1_1' title="bbox 134 3474 389 3541">
    <p class='ocr_par' dir='ltr' id='par_1_1' title="bbox 134 3474 389 3541">
     <span class='ocr_line' id='line_1_1' title="bbox 134 3474 389 3541; baseline -0.008 -17"><span class='ocrx_word' id='word_1_1' title='bbox 134 3483 139 3484; x_wconf 40' lang='lat'><em>⁷</em></span> <span class='ocrx_word' id='word_1_2' title='bbox 238 3474 389 3541; x_wconf 61' lang='lat' dir='ltr'>petar.</span> 
     </span>
    </p>
   </div>
   <div class='ocr_carea' id='block_1_2' title="bbox 490 166 2299 290">
    <p class='ocr_par' dir='ltr' id='par_1_2' title="bbox 490 166 2299 290">
     <span class='ocr_line' id='line_1_2' title="bbox 490 166 2299 290; baseline -0.002 -27"><span class='ocrx_word' id='word_1_3' title='bbox 490 166 705 290; x_wconf 61' lang='lat'>‘30⁶</span> <span class='ocrx_word' id='word_1_4' title='bbox 998 174 1655 263; x_wconf 67' lang='lat' dir='ltr'>Hv‘oonrs</span> <span class='ocrx_word' id='word_1_5' title='bbox 1775 189 2299 261; x_wconf 68' lang='lat' dir='ltr'>saort!</span> 
     </span>
    </p>
   </div>
   <div class='ocr_carea' id='block_1_3' title="bbox 156 296 2842 4249">
    <p class='ocr_par' dir='ltr' id='par_1_3' title="bbox 283 296 2754 587">
     <span class='ocr_line' id='line_1_3' title="bbox 283 296 2748 463; baseline 0.002 -90"><span class='ocrx_word' id='word_1_6' title='bbox 283 310 484 407; x_wconf 79' lang='lat'>1598,</span> <span class='ocrx_word' id='word_1_7' title='bbox 564 328 680 404; x_wconf 80' lang='lat' dir='ltr'>ges</span> <span class='ocrx_word' id='word_1_8' title='bbox 700 298 1056 375; x_wconf 69' lang='lat' dir='ltr'>vernaculae</span> <span class='ocrx_word' id='word_1_9' title='bbox 1079 352 1102 386; x_wconf 88' lang='lat'>,</span> <span class='ocrx_word' id='word_1_10' title='bbox 1149 319 1232 371; x_wconf 89' lang='lat' dir='ltr'>ne</span> <span class='ocrx_word' id='word_1_11' title='bbox 1249 296 1523 463; x_wconf 56' lang='lat' dir='ltr'>cffiefito</span> <span class='ocrx_word' id='word_1_12' title='bbox 1557 318 1739 370; x_wconf 86' lang='lat' dir='ltr'>extra</span> <span class='ocrx_word' id='word_1_13' title='bbox 1777 298 1972 398; x_wconf 69' lang='lat' dir='ltr'>lucro</span> <span class='ocrx_word' id='word_1_14' title='bbox 1997 299 2182 373; x_wconf 89' lang='lat' dir='ltr'>domi</span> <span class='ocrx_word' id='word_1_15' title='bbox 2201 302 2545 399; x_wconf 81' lang='lat' dir='ltr'>penuriam</span> <span class='ocrx_word' id='word_1_16' title='bbox 2565 302 2748 377; x_wconf 51' lang='lat' dir='ltr'>facess</span> 
     </span>
     <span class='ocr_line' id='line_1_4' title="bbox 563 392 2752 494; baseline 0 -24"><span class='ocrx_word' id='word_1_17' title='bbox 563 418 714 471; x_wconf 86' lang='lat' dir='ltr'>rent</span> <span class='ocrx_word' id='word_1_18' title='bbox 736 433 757 487; x_wconf 79' lang='lat'><em>3</em></span> <span class='ocrx_word' id='word_1_19' title='bbox 778 416 844 467; x_wconf 85' lang='lat' dir='ltr'>at</span> <span class='ocrx_word' id='word_1_20' title='bbox 867 392 1272 473; x_wconf 71' lang='lat' dir='ltr'>flandriaho</span> <span class='ocrx_word' id='word_1_21' title='bbox 1333 396 1344 407; x_wconf 83' lang='lat'><strong>‘</strong></span> <span class='ocrx_word' id='word_1_22' title='bbox 1375 394 1428 460; x_wconf 88' lang='lat' dir='ltr'>is</span> <span class='ocrx_word' id='word_1_23' title='bbox 1449 392 1698 464; x_wconf 71' lang='lat' dir='ltr'>cunffis</span> <span class='ocrx_word' id='word_1_24' title='bbox 1714 392 2035 466; x_wconf 78' lang='lat' dir='ltr'>mercibus</span> <span class='ocrx_word' id='word_1_25' title='bbox 2053 394 2512 469; x_wconf 79' lang='lat' dir='ltr'>abstinebatur.</span> <span class='ocrx_word' id='word_1_26' title='bbox 2559 401 2752 494; x_wconf 69' lang='lat' dir='ltr'>Quae</span> 
     </span>
     <span class='ocr_line' id='line_1_5' title="bbox 561 484 2754 587; baseline 0 -22"><span class='ocrx_word' id='word_1_27' title='bbox 561 497 733 565; x_wconf 89' lang='lat' dir='ltr'>inter</span> <span class='ocrx_word' id='word_1_28' title='bbox 767 488 1049 585; x_wconf 67' lang='lat' dir='ltr'>quaestus</span> <span class='ocrx_word' id='word_1_29' title='bbox 1087 488 1317 561; x_wconf 84' lang='lat' dir='ltr'>avidos</span> <span class='ocrx_word' id='word_1_30' title='bbox 1354 484 1749 583; x_wconf 85' lang='lat' dir='ltr'>eosdemque</span> <span class='ocrx_word' id='word_1_31' title='bbox 1783 511 2001 559; x_wconf 86' lang='lat' dir='ltr'>retum</span> <span class='ocrx_word' id='word_1_32' title='bbox 2037 504 2386 587; x_wconf 83' lang='lat' dir='ltr'>compotes</span> <span class='ocrx_word' id='word_1_33' title='bbox 2411 516 2542 564; x_wconf 87' lang='lat' dir='ltr'>uun</span> <span class='ocrx_word' id='word_1_34' title='bbox 2596 514 2754 565; x_wconf 84' lang='lat' dir='ltr'>uam</span> 
     </span>
    </p>

    <p class='ocr_par' dir='ltr' id='par_1_4' title="bbox 460 580 2842 2098">
     <span class='ocr_line' id='line_1_6' title="bbox 524 580 2786 679; baseline 0.004 -28"><span class='ocrx_word' id='word_1_35' title='bbox 524 585 708 660; x_wconf 59' lang='lat' dir='ltr'>datis</span> <span class='ocrx_word' id='word_1_36' title='bbox 728 585 966 658; x_wconf 74' lang='lat' dir='ltr'>iervata</span> <span class='ocrx_word' id='word_1_37' title='bbox 984 604 1110 679; x_wconf 80' lang='lat' dir='ltr'>pax</span> <span class='ocrx_word' id='word_1_38' title='bbox 1127 585 1324 655; x_wconf 89' lang='lat' dir='ltr'>etiam</span> <span class='ocrx_word' id='word_1_39' title='bbox 1345 580 1596 654; x_wconf 85' lang='lat' dir='ltr'>Gallica</span> <span class='ocrx_word' id='word_1_40' title='bbox 1638 582 1894 654; x_wconf 79' lang='lat' dir='ltr'>resolvit</span> <span class='ocrx_word' id='word_1_41' title='bbox 1916 634 1940 668; x_wconf 91' lang='lat'>‚</span> <span class='ocrx_word' id='word_1_42' title='bbox 1982 582 2251 657; x_wconf 81' lang='lat' dir='ltr'>ademto</span> <span class='ocrx_word' id='word_1_43' title='bbox 2271 582 2383 656; x_wconf 89' lang='lat' dir='ltr'>usu</span> <span class='ocrx_word' id='word_1_44' title='bbox 2408 590 2498 656; x_wconf 88' lang='lat'>&amp;-</span> <span class='ocrx_word' id='word_1_45' title='bbox 2588 585 2786 659; x_wconf 73' lang='lat' dir='ltr'>ditis-</span> 
     </span>
     <span class='ocr_line' id='line_1_7' title="bbox 560 675 2754 754; baseline 0 -1"><span class='ocrx_word' id='word_1_46' title='bbox 560 679 919 754; x_wconf 84' lang='lat' dir='ltr'>fraudibus.</span> <span class='ocrx_word' id='word_1_47' title='bbox 974 681 1154 748; x_wconf 88' lang='lat' dir='ltr'>Tum</span> <span class='ocrx_word' id='word_1_48' title='bbox 1173 675 1413 749; x_wconf 81' lang='lat' dir='ltr'>habitis</span> <span class='ocrx_word' id='word_1_49' title='bbox 1436 675 1817 747; x_wconf 80' lang='lat' dir='ltr'>ordinandae</span> <span class='ocrx_word' id='word_1_50' title='bbox 1857 677 2103 748; x_wconf 84' lang='lat' dir='ltr'>militiae</span> <span class='ocrx_word' id='word_1_51' title='bbox 2119 678 2400 751; x_wconf 60' lang='lat' dir='ltr'>confilii‘s</span> <span class='ocrx_word' id='word_1_52' title='bbox 2421 676 2628 752; x_wconf 86' lang='lat' dir='ltr'>descri</span> <span class='ocrx_word' id='word_1_53' title='bbox 2683 702 2754 754; x_wconf 86' lang='lat' dir='ltr'>ta</span> 
     </span>
     <span class='ocr_line' id='line_1_8' title="bbox 546 767 2622 870; baseline -0 -24"><span class='ocrx_word' id='word_1_54' title='bbox 546 793 907 855; x_wconf 66' lang='lat' dir='ltr'>armatura,</span> <span class='ocrx_word' id='word_1_55' title='bbox 923 775 1143 843; x_wconf 87' lang='lat' dir='ltr'>tamin</span> <span class='ocrx_word' id='word_1_56' title='bbox 1165 794 1307 855; x_wconf 88' lang='lat' dir='ltr'>eos,</span> <span class='ocrx_word' id='word_1_57' title='bbox 1329 771 1444 865; x_wconf 90' lang='lat' dir='ltr'>qui</span> <span class='ocrx_word' id='word_1_58' title='bbox 1467 767 1685 855; x_wconf 76' lang='lat' dir='ltr'>hastis,</span> <span class='ocrx_word' id='word_1_59' title='bbox 1704 791 1904 866; x_wconf 78' lang='lat' dir='ltr'>quam</span> <span class='ocrx_word' id='word_1_60' title='bbox 1925 774 2040 867; x_wconf 87' lang='lat' dir='ltr'>qui</span> <span class='ocrx_word' id='word_1_61' title='bbox 2056 773 2367 845; x_wconf 88' lang='lat' dir='ltr'>tuborum</span> <span class='ocrx_word' id='word_1_62' title='bbox 2384 776 2622 870; x_wconf 83' lang='lat' dir='ltr'>majori</span> 
     </span>
     <span class='ocr_line' id='line_1_9' title="bbox 559 864 2754 964; baseline 0 -22"><span class='ocrx_word' id='word_1_63' title='bbox 559 893 637 942; x_wconf 88' lang='lat' dir='ltr'>ac</span> <span class='ocrx_word' id='word_1_64' title='bbox 653 865 1043 952; x_wconf 78' lang='lat' dir='ltr'>minoribus,</span> <span class='ocrx_word' id='word_1_65' title='bbox 1069 864 1235 963; x_wconf 87' lang='lat' dir='ltr'>pede</span> <span class='ocrx_word' id='word_1_66' title='bbox 1253 881 1365 935; x_wconf 86' lang='lat' dir='ltr'>aut</span> <span class='ocrx_word' id='word_1_67' title='bbox 1386 883 1565 958; x_wconf 80' lang='lat' dir='ltr'>equo</span> <span class='ocrx_word' id='word_1_68' title='bbox 1587 864 1946 959; x_wconf 81' lang='lat' dir='ltr'>merebant3</span> <span class='ocrx_word' id='word_1_69' title='bbox 1970 889 2284 964; x_wconf 76' lang='lat' dir='ltr'>novaeque</span> <span class='ocrx_word' id='word_1_70' title='bbox 2301 887 2531 939; x_wconf 72' lang='lat' dir='ltr'>turma:</span> <span class='ocrx_word' id='word_1_71' title='bbox 2550 894 2754 942; x_wconf 85' lang='lat' dir='ltr'>eom-</span> 
     </span>
     <span class='ocr_line' id='line_1_10' title="bbox 563 959 2746 1062; baseline 0.002 -29"><span class='ocrx_word' id='word_1_72' title='bbox 563 963 790 1062; x_wconf 82' lang='lat' dir='ltr'>pofitae</span> <span class='ocrx_word' id='word_1_73' title='bbox 824 986 866 1034; x_wconf 93' lang='lat' dir='ltr'>e</span> <span class='ocrx_word' id='word_1_74' title='bbox 884 960 1090 1033; x_wconf 80' lang='lat' dir='ltr'>reditu</span> <span class='ocrx_word' id='word_1_75' title='bbox 1107 978 1416 1056; x_wconf 85' lang='lat' dir='ltr'>agrorum</span> <span class='ocrx_word' id='word_1_76' title='bbox 1442 1010 1464 1043; x_wconf 93' lang='lat'>,</span> <span class='ocrx_word' id='word_1_77' title='bbox 1517 960 1635 1053; x_wconf 85' lang='lat' dir='ltr'>qui</span> <span class='ocrx_word' id='word_1_78' title='bbox 1672 978 1989 1031; x_wconf 83' lang='lat' dir='ltr'>autumno</span> <span class='ocrx_word' id='word_1_79' title='bbox 2010 967 2318 1058; x_wconf 82' lang='lat' dir='ltr'>proximo</span> <span class='ocrx_word' id='word_1_80' title='bbox 2331 959 2746 1038; x_wconf 69' lang='lat' dir='ltr'>accesserant.</span> 
     </span>
     <span class='ocr_line' id='line_1_11' title="bbox 567 1050 2747 1155; baseline 0.001 -27"><span class='ocrx_word' id='word_1_81' title='bbox 567 1054 661 1128; x_wconf 75' lang='lat' dir='ltr'>At</span> <span class='ocrx_word' id='word_1_82' title='bbox 684 1056 1028 1155; x_wconf 86' lang='lat' dir='ltr'>postquam</span> <span class='ocrx_word' id='word_1_83' title='bbox 1046 1052 1287 1124; x_wconf 88' lang='lat' dir='ltr'>dueum</span> <span class='ocrx_word' id='word_1_84' title='bbox 1326 1050 1724 1149; x_wconf 83' lang='lat' dir='ltr'>peculatibus</span> <span class='ocrx_word' id='word_1_85' title='bbox 1746 1059 2010 1126; x_wconf 86' lang='lat' dir='ltr'>occurri</span> <span class='ocrx_word' id='word_1_86' title='bbox 2027 1059 2238 1154; x_wconf 85' lang='lat' dir='ltr'>coepit</span> <span class='ocrx_word' id='word_1_87' title='bbox 2258 1112 2281 1140; x_wconf 90' lang='lat'>‚</span> <span class='ocrx_word' id='word_1_88' title='bbox 2307 1056 2546 1150; x_wconf 59' lang='lat' dir='ltr'>jactata</span> <span class='ocrx_word' id='word_1_89' title='bbox 2569 1059 2747 1131; x_wconf 85' lang='lat' dir='ltr'>mul-</span> 
     </span>
     <span class='ocr_line' id='line_1_12' title="bbox 567 1144 2745 1248; baseline 0.002 -28"><span class='ocrx_word' id='word_1_90' title='bbox 567 1171 708 1222; x_wconf 86' lang='lat' dir='ltr'>tum</span> <span class='ocrx_word' id='word_1_91' title='bbox 744 1148 1029 1221; x_wconf 83' lang='lat' dir='ltr'>remedia</span> <span class='ocrx_word' id='word_1_92' title='bbox 1063 1152 1510 1244; x_wconf 68' lang='lat' dir='ltr'>experimento</span> <span class='ocrx_word' id='word_1_93' title='bbox 1551 1144 1847 1218; x_wconf 78' lang='lat' dir='ltr'>defecere</span> <span class='ocrx_word' id='word_1_94' title='bbox 1871 1200 1895 1235; x_wconf 62' lang='lat'>2</span> <span class='ocrx_word' id='word_1_95' title='bbox 1935 1171 2056 1219; x_wconf 87' lang='lat' dir='ltr'>nec</span> <span class='ocrx_word' id='word_1_96' title='bbox 2101 1154 2452 1248; x_wconf 87' lang='lat' dir='ltr'>quicquam</span> <span class='ocrx_word' id='word_1_97' title='bbox 2488 1152 2745 1248; x_wconf 85' lang='lat' dir='ltr'>profuit</span> 
     </span>
     <span class='ocr_line' id='line_1_13' title="bbox 563 1237 2744 1341; baseline -0.006 -25"><span class='ocrx_word' id='word_1_98' title='bbox 563 1246 818 1317; x_wconf 85' lang='lat' dir='ltr'>turbam</span> <span class='ocrx_word' id='word_1_99' title='bbox 835 1246 1149 1341; x_wconf 84' lang='lat' dir='ltr'>cujusque</span> <span class='ocrx_word' id='word_1_100' title='bbox 1179 1244 1484 1320; x_wconf 83' lang='lat' dir='ltr'>centuriae</span> <span class='ocrx_word' id='word_1_101' title='bbox 1505 1237 1997 1317; x_wconf 79' lang='lat' dir='ltr'>circumscidiffe</span> <span class='ocrx_word' id='word_1_102' title='bbox 2020 1297 2042 1329; x_wconf 89' lang='lat'>,</span> <span class='ocrx_word' id='word_1_103' title='bbox 2088 1244 2494 1319; x_wconf 72' lang='lat' dir='ltr'>manentibus</span> <span class='ocrx_word' id='word_1_104' title='bbox 2518 1245 2604 1318; x_wconf 71' lang='lat' dir='ltr'>ad</span> <span class='ocrx_word' id='word_1_105' title='bbox 2623 1245 2744 1319; x_wconf 67' lang='lat' dir='ltr'>fil.</span> 
     </span>
     <span class='ocr_line' id='line_1_14' title="bbox 565 1336 2770 1434; baseline 0.002 -22"><span class='ocrx_word' id='word_1_106' title='bbox 565 1339 831 1413; x_wconf 76' lang='lat' dir='ltr'>lendum</span> <span class='ocrx_word' id='word_1_107' title='bbox 850 1336 1112 1408; x_wconf 86' lang='lat' dir='ltr'>latebris</span> <span class='ocrx_word' id='word_1_108' title='bbox 1134 1389 1154 1420; x_wconf 89' lang='lat'>,</span> <span class='ocrx_word' id='word_1_109' title='bbox 1174 1359 1293 1434; x_wconf 88' lang='lat' dir='ltr'>per</span> <span class='ocrx_word' id='word_1_110' title='bbox 1316 1348 1478 1430; x_wconf 78' lang='lat' dir='ltr'>quas</span> <span class='ocrx_word' id='word_1_111' title='bbox 1501 1338 1724 1406; x_wconf 80' lang='lat' dir='ltr'>inaniti</span> <span class='ocrx_word' id='word_1_112' title='bbox 1748 1340 1998 1409; x_wconf 79' lang='lat' dir='ltr'>numeri</span> <span class='ocrx_word' id='word_1_113' title='bbox 2020 1391 2040 1424; x_wconf 87' lang='lat'>,</span> <span class='ocrx_word' id='word_1_114' title='bbox 2061 1360 2201 1433; x_wconf 89' lang='lat' dir='ltr'>quo</span> <span class='ocrx_word' id='word_1_115' title='bbox 2214 1342 2508 1410; x_wconf 84' lang='lat' dir='ltr'>minores</span> <span class='ocrx_word' id='word_1_116' title='bbox 2521 1363 2770 1429; x_wconf 73' lang='lat' dir='ltr'>erant,·-.</span> 
     </span>
     <span class='ocr_line' id='line_1_15' title="bbox 569 1428 2737 1526; baseline 0.001 -21"><span class='ocrx_word' id='word_1_117' title='bbox 569 1434 809 1505; x_wconf 90' lang='lat' dir='ltr'>eodem</span> <span class='ocrx_word' id='word_1_118' title='bbox 833 1430 1235 1526; x_wconf 79' lang='lat' dir='ltr'>pernitiofius</span> <span class='ocrx_word' id='word_1_119' title='bbox 1258 1429 1544 1500; x_wconf 81' lang='lat' dir='ltr'><strong>hiabant.</strong></span> <span class='ocrx_word' id='word_1_120' title='bbox 1602 1431 1795 1523; x_wconf 84' lang='lat' dir='ltr'>Qin</span> <span class='ocrx_word' id='word_1_121' title='bbox 1835 1435 1909 1500; x_wconf 88' lang='lat'>&amp;</span> <span class='ocrx_word' id='word_1_122' title='bbox 1940 1428 2411 1503; x_wconf 85' lang='lat' dir='ltr'>ardentiffimos</span> <span class='ocrx_word' id='word_1_123' title='bbox 2427 1436 2737 1524; x_wconf 85' lang='lat' dir='ltr'>militum,</span> 
     </span>
     <span class='ocr_line' id='line_1_16' title="bbox 572 1522 2712 1695; baseline 0.003 -98"><span class='ocrx_word' id='word_1_124' title='bbox 572 1532 649 1597; x_wconf 75' lang='grc' dir='ltr'>δε</span> <span class='ocrx_word' id='word_1_125' title='bbox 673 1526 917 1623; x_wconf 77' lang='lat' dir='ltr'>quibus</span> <span class='ocrx_word' id='word_1_126' title='bbox 930 1524 1280 1621; x_wconf 74' lang='lat' dir='ltr'>plurimum</span> <span class='ocrx_word' id='word_1_127' title='bbox 1299 1526 1552 1596; x_wconf 84' lang='lat' dir='ltr'>virtutis</span> <span class='ocrx_word' id='word_1_128' title='bbox 1575 1575 1596 1609; x_wconf 91' lang='lat'><strong>,</strong></span> <span class='ocrx_word' id='word_1_129' title='bbox 1617 1543 1859 1620; x_wconf 84' lang='lat' dir='ltr'>quanta</span> <span class='ocrx_word' id='word_1_130' title='bbox 1879 1522 2006 1596; x_wconf 83' lang='lat' dir='ltr'>effe</span> <span class='ocrx_word' id='word_1_131' title='bbox 2022 1524 2224 1599; x_wconf 72' lang='lat' dir='ltr'>venali</span> <span class='ocrx_word' id='word_1_132' title='bbox 2248 1524 2712 1695; x_wconf 54' lang='lat' dir='ltr'>saeculocfotest</span> 
     </span>
     <span class='ocr_line' id='line_1_17' title="bbox 568 1617 2740 1723; baseline 0.002 -31"><span class='ocrx_word' id='word_1_133' title='bbox 568 1621 1308 1692; x_wconf 84' lang='lat' dir='ltr'>centurionesinvitatos</span> <span class='ocrx_word' id='word_1_134' title='bbox 1351 1617 1661 1689; x_wconf 70' lang='lat' dir='ltr'>hafltenus</span> <span class='ocrx_word' id='word_1_135' title='bbox 1689 1620 2042 1713; x_wconf 83' lang='lat' dir='ltr'>majoribus</span> <span class='ocrx_word' id='word_1_136' title='bbox 2084 1623 2363 1714; x_wconf 83' lang='lat' dir='ltr'>praemiis</span> <span class='ocrx_word' id='word_1_137' title='bbox 2388 1676 2409 1710; x_wconf 86' lang='lat'>‚</span> <span class='ocrx_word' id='word_1_138' title='bbox 2508 1649 2622 1696; x_wconf 89' lang='lat' dir='ltr'>um</span> <span class='ocrx_word' id='word_1_139' title='bbox 2643 1629 2740 1723; x_wconf 85' lang='lat' dir='ltr'>ip·</span> 
     </span>
     <span class='ocr_line' id='line_1_18' title="bbox 460 1710 2842 1811; baseline 0 -22"><span class='ocrx_word' id='word_1_140' title='bbox 460 1746 475 1761; x_wconf 71' lang='grc'>’</span> <span class='ocrx_word' id='word_1_141' title='bbox 567 1715 616 1789; x_wconf 86' lang='lat' dir='ltr'>fi</span> <span class='ocrx_word' id='word_1_142' title='bbox 639 1714 882 1787; x_wconf 85' lang='lat' dir='ltr'>avidius</span> <span class='ocrx_word' id='word_1_143' title='bbox 923 1736 960 1783; x_wconf 86' lang='lat' dir='ltr'>e</span> <span class='ocrx_word' id='word_1_144' title='bbox 1000 1711 1264 1809; x_wconf 87' lang='lat' dir='ltr'>publico</span> <span class='ocrx_word' id='word_1_145' title='bbox 1302 1710 1597 1797; x_wconf 68' lang='lat' dir='ltr'>sumunt,</span> <span class='ocrx_word' id='word_1_146' title='bbox 1644 1713 1972 1783; x_wconf 58' lang='lat' dir='ltr'>contra&amp;</span> <span class='ocrx_word' id='word_1_147' title='bbox 2015 1713 2304 1811; x_wconf 85' lang='lat' dir='ltr'>rapiendi</span> <span class='ocrx_word' id='word_1_148' title='bbox 2320 1713 2581 1791; x_wconf 85' lang='lat' dir='ltr'>licentia</span> <span class='ocrx_word' id='word_1_149' title='bbox 2613 1743 2738 1790; x_wconf 83' lang='lat' dir='ltr'>cae·</span> <span class='ocrx_word' id='word_1_150' title='bbox 2835 1752 2842 1757; x_wconf 74' lang='lat'><em>-</em></span> 
     </span>
     <span class='ocr_line' id='line_1_19' title="bbox 509 1805 2737 1905; baseline 0.003 -24"><span class='ocrx_word' id='word_1_151' title='bbox 509 1832 513 1838; x_wconf 86' lang='lat'><em>·</em></span> <span class='ocrx_word' id='word_1_152' title='bbox 570 1814 729 1882; x_wconf 88' lang='lat' dir='ltr'>teris</span> <span class='ocrx_word' id='word_1_153' title='bbox 755 1808 1091 1905; x_wconf 70' lang='lat' dir='ltr'>aequabant</span> <span class='ocrx_word' id='word_1_154' title='bbox 1123 1826 1165 1891; x_wconf 80' lang='lat'>3.</span> <span class='ocrx_word' id='word_1_155' title='bbox 1196 1807 1367 1877; x_wconf 88' lang='lat' dir='ltr'>unde</span> <span class='ocrx_word' id='word_1_156' title='bbox 1398 1806 1624 1877; x_wconf 88' lang='lat' dir='ltr'>crebra</span> <span class='ocrx_word' id='word_1_157' title='bbox 1658 1805 2014 1903; x_wconf 65' lang='lat' dir='ltr'>transfugia</span> <span class='ocrx_word' id='word_1_158' title='bbox 2041 1859 2061 1893; x_wconf 91' lang='lat'>‚</span> <span class='ocrx_word' id='word_1_159' title='bbox 2110 1811 2185 1877; x_wconf 78' lang='grc' dir='ltr'>δε</span> <span class='ocrx_word' id='word_1_160' title='bbox 2218 1828 2389 1883; x_wconf 85' lang='lat' dir='ltr'>totas</span> <span class='ocrx_word' id='word_1_161' title='bbox 2425 1814 2737 1887; x_wconf 84' lang='lat' dir='ltr'>cohortes</span> 
     </span>
     <span class='ocr_line' id='line_1_20' title="bbox 493 1897 2736 2005; baseline 0.002 -29"><span class='ocrx_word' id='word_1_162' title='bbox 493 1944 500 1952; x_wconf 95' lang='lat'>·</span> <span class='ocrx_word' id='word_1_163' title='bbox 569 1902 926 1987; x_wconf 61' lang='lat' dir='ltr'>nudatura‘,</span> <span class='ocrx_word' id='word_1_164' title='bbox 970 1905 1034 1973; x_wconf 86' lang='lat' dir='ltr'>ni</span> <span class='ocrx_word' id='word_1_165' title='bbox 1058 1899 1334 1973; x_wconf 82' lang='lat' dir='ltr'>hostium</span> <span class='ocrx_word' id='word_1_166' title='bbox 1370 1904 1589 1996; x_wconf 85' lang='lat' dir='ltr'>inopia</span> <span class='ocrx_word' id='word_1_167' title='bbox 1630 1897 2181 1997; x_wconf 76' lang='lat' dir='ltr'>repreffizquibus</span> <span class='ocrx_word' id='word_1_168' title='bbox 2204 1901 2567 2005; x_wconf 51' lang='lat' dir='ltr'>prospectis</span> <span class='ocrx_word' id='word_1_169' title='bbox 2592 1962 2614 1995; x_wconf 85' lang='lat'><strong>,</strong></span> <span class='ocrx_word' id='word_1_170' title='bbox 2658 1909 2736 1981; x_wconf 84' lang='lat' dir='ltr'>fi-</span> 
     </span>
     <span class='ocr_line' id='line_1_21' title="bbox 571 1995 2735 2098; baseline -0.005 -28"><span class='ocrx_word' id='word_1_171' title='bbox 571 1997 834 2095; x_wconf 87' lang='lat' dir='ltr'>mulque</span> <span class='ocrx_word' id='word_1_172' title='bbox 852 1998 1181 2091; x_wconf 57' lang='lat' dir='ltr'>Principis,</span> <span class='ocrx_word' id='word_1_173' title='bbox 1215 1997 1470 2066; x_wconf 88' lang='lat' dir='ltr'>monitu</span> <span class='ocrx_word' id='word_1_174' title='bbox 1494 2017 1791 2090; x_wconf 84' lang='lat' dir='ltr'>proceres</span> <span class='ocrx_word' id='word_1_175' title='bbox 1813 1996 1976 2066; x_wconf 89' lang='lat' dir='ltr'>mala</span> <span class='ocrx_word' id='word_1_176' title='bbox 1999 2050 2019 2081; x_wconf 84' lang='lat'>,</span> <span class='ocrx_word' id='word_1_177' title='bbox 2068 1995 2305 2092; x_wconf 79' lang='lat' dir='ltr'>quibus</span> <span class='ocrx_word' id='word_1_178' title='bbox 2329 2001 2611 2098; x_wconf 83' lang='lat' dir='ltr'>impares</span> <span class='ocrx_word' id='word_1_179' title='bbox 2623 2002 2735 2075; x_wconf 86' lang='lat' dir='ltr'>fo-</span> 
     </span>
    </p>

    <p class='ocr_par' dir='ltr' id='par_1_5' title="bbox 272 2089 2734 2192">
     <span class='ocr_line' id='line_1_22' title="bbox 272 2089 2734 2192; baseline 0.003 -35"><span class='ocrx_word' id='word_1_180' title='bbox 272 2154 277 2157; x_wconf 83' lang='grc'><em>,</em></span> <span class='ocrx_word' id='word_1_181' title='bbox 572 2113 719 2165; x_wconf 86' lang='lat' dir='ltr'>rent</span> <span class='ocrx_word' id='word_1_182' title='bbox 739 2145 761 2178; x_wconf 85' lang='lat'>,</span> <span class='ocrx_word' id='word_1_183' title='bbox 807 2113 1155 2191; x_wconf 84' lang='lat' dir='ltr'>agnovere.</span> <span class='ocrx_word' id='word_1_184' title='bbox 1213 2091 1366 2160; x_wconf 85' lang='lat' dir='ltr'>Alta</span> <span class='ocrx_word' id='word_1_185' title='bbox 1384 2092 1644 2160; x_wconf 85' lang='lat' dir='ltr'>interim</span> <span class='ocrx_word' id='word_1_186' title='bbox 1676 2108 1850 2163; x_wconf 85' lang='lat' dir='ltr'>trans</span> <span class='ocrx_word' id='word_1_187' title='bbox 1875 2089 2178 2162; x_wconf 85' lang='lat' dir='ltr'>Rhenum</span> <span class='ocrx_word' id='word_1_188' title='bbox 2197 2095 2379 2185; x_wconf 78' lang='lat' dir='ltr'>quies</span> <span class='ocrx_word' id='word_1_189' title='bbox 2405 2147 2429 2181; x_wconf 91' lang='lat'>‚</span> <span class='ocrx_word' id='word_1_190' title='bbox 2464 2096 2734 2192; x_wconf 80' lang='lat' dir='ltr'>quaudo</span> 
     </span>
    </p>

    <p class='ocr_par' dir='ltr' id='par_1_6' title="bbox 166 2181 2730 2281">
     <span class='ocr_line' id='line_1_23' title="bbox 166 2181 2730 2281; baseline 0.002 -21"><span class='ocrx_word' id='word_1_191' title='bbox 166 2268 175 2275; x_wconf 22' lang='grc' dir='ltr'><em>Ι</em></span> <span class='ocrx_word' id='word_1_192' title='bbox 272 2199 478 2260; x_wconf 70' lang='lat' dir='ltr'>Mam-i-</span> <span class='ocrx_word' id='word_1_193' title='bbox 573 2188 817 2258; x_wconf 84' lang='lat' dir='ltr'>tributa</span> <span class='ocrx_word' id='word_1_194' title='bbox 848 2203 1110 2256; x_wconf 77' lang='lat' dir='ltr'>auxerat</span> <span class='ocrx_word' id='word_1_195' title='bbox 1135 2237 1157 2269; x_wconf 87' lang='lat'>‚</span> <span class='ocrx_word' id='word_1_196' title='bbox 1203 2188 1409 2256; x_wconf 83' lang='lat' dir='ltr'>movit</span> <span class='ocrx_word' id='word_1_197' title='bbox 1442 2186 1736 2267; x_wconf 85' lang='lat' dir='ltr'>nationes</span> <span class='ocrx_word' id='word_1_198' title='bbox 1770 2204 1842 2255; x_wconf 90' lang='lat' dir='ltr'>ut</span> <span class='ocrx_word' id='word_1_199' title='bbox 1881 2181 2224 2281; x_wconf 61' lang='lat' dir='ltr'>praejfeRos</span> <span class='ocrx_word' id='word_1_200' title='bbox 2260 2190 2634 2261; x_wconf 85' lang='lat' dir='ltr'>Mauritium</span> <span class='ocrx_word' id='word_1_201' title='bbox 2650 2188 2730 2265; x_wconf 75' lang='lat' dir='ltr'>ie</span> 
     </span>
    </p>

    <p class='ocr_par' dir='ltr' id='par_1_7' title="bbox 156 2270 2721 2378">
     <span class='ocr_line' id='line_1_24' title="bbox 156 2270 2721 2378; baseline 0.004 -29"><span class='ocrx_word' id='word_1_202' title='bbox 156 2274 163 2279; x_wconf 70' lang='grc'><em>’</em></span> <span class='ocrx_word' id='word_1_203' title='bbox 228 2274 367 2332; x_wconf 57' lang='lat' dir='ltr'>*M</span> <span class='ocrx_word' id='word_1_204' title='bbox 404 2270 473 2340; x_wconf 64' lang='grc' dir='ltr'><em>ὰ</em></span> <span class='ocrx_word' id='word_1_205' title='bbox 578 2279 998 2378; x_wconf 65' lang='lat' dir='ltr'>wilhelmum</span> <span class='ocrx_word' id='word_1_206' title='bbox 1041 2297 1397 2364; x_wconf 80' lang='lat' dir='ltr'>terrarum,</span> <span class='ocrx_word' id='word_1_207' title='bbox 1438 2299 1548 2348; x_wconf 91' lang='lat' dir='ltr'>aut</span> <span class='ocrx_word' id='word_1_208' title='bbox 1583 2282 1914 2375; x_wconf 67' lang='lat' dir='ltr'>pecuniae,</span> <span class='ocrx_word' id='word_1_209' title='bbox 1961 2282 2243 2377; x_wconf 80' lang='lat' dir='ltr'>praemiis</span> <span class='ocrx_word' id='word_1_210' title='bbox 2278 2281 2721 2358; x_wconf 81' lang='lat' dir='ltr'>honestarent:</span> 
     </span>
    </p>

    <p class='ocr_par' dir='ltr' id='par_1_8' title="bbox 245 2373 2728 2486">
     <span class='ocr_line' id='line_1_25' title="bbox 245 2373 2728 2486; baseline 0.001 -37"><span class='ocrx_word' id='word_1_211' title='bbox 245 2433 390 2473; x_wconf 66' lang='lat' dir='ltr'>mm</span> <span class='ocrx_word' id='word_1_212' title='bbox 402 2425 519 2486; x_wconf 73' lang='lat' dir='ltr'>pn-</span> <span class='ocrx_word' id='word_1_213' title='bbox 580 2386 776 2450; x_wconf 84' lang='lat' dir='ltr'>etiam</span> <span class='ocrx_word' id='word_1_214' title='bbox 797 2395 953 2445; x_wconf 83' lang='lat' dir='ltr'>tunc</span> <span class='ocrx_word' id='word_1_215' title='bbox 973 2377 1239 2469; x_wconf 84' lang='lat' dir='ltr'>repertis</span> <span class='ocrx_word' id='word_1_216' title='bbox 1263 2425 1283 2458; x_wconf 92' lang='lat'>‚</span> <span class='ocrx_word' id='word_1_217' title='bbox 1308 2376 1441 2467; x_wconf 42' lang='lat' dir='ltr'>*qui</span> <span class='ocrx_word' id='word_1_218' title='bbox 1464 2377 1633 2467; x_wconf 84' lang='lat' dir='ltr'>grati</span> <span class='ocrx_word' id='word_1_219' title='bbox 1665 2378 1864 2446; x_wconf 87' lang='lat' dir='ltr'>animi</span> <span class='ocrx_word' id='word_1_220' title='bbox 1902 2373 2337 2460; x_wconf 82' lang='lat' dir='ltr'>testimonium</span> <span class='ocrx_word' id='word_1_221' title='bbox 2369 2377 2728 2453; x_wconf 70' lang='lat' dir='ltr'>ambitiosae</span> 
     </span>
    </p>

    <p class='ocr_par' dir='ltr' id='par_1_9' title="bbox 244 2465 2730 2568">
     <span class='ocr_line' id='line_1_26' title="bbox 244 2465 2730 2568; baseline 0.002 -24"><span class='ocrx_word' id='word_1_222' title='bbox 244 2485 509 2544; x_wconf 70' lang='lat' dir='ltr'>miishoue-</span> <span class='ocrx_word' id='word_1_223' title='bbox 578 2471 942 2568; x_wconf 69' lang='lat' dir='ltr'>largitionis</span> <span class='ocrx_word' id='word_1_224' title='bbox 977 2470 1248 2540; x_wconf 87' lang='lat' dir='ltr'>crimine</span> <span class='ocrx_word' id='word_1_225' title='bbox 1293 2465 1784 2540; x_wconf 59' lang='lat' dir='ltr'>inieRarentur,&#39;</span> <span class='ocrx_word' id='word_1_226' title='bbox 1863 2472 2000 2538; x_wconf 84' lang='lat' dir='ltr'>Iam</span> <span class='ocrx_word' id='word_1_227' title='bbox 2041 2471 2109 2538; x_wconf 87' lang='lat' dir='ltr'>in</span> <span class='ocrx_word' id='word_1_228' title='bbox 2143 2470 2418 2543; x_wconf 88' lang='lat' dir='ltr'>mensem</span> <span class='ocrx_word' id='word_1_229' title='bbox 2450 2471 2730 2549; x_wconf 85' lang='lat' dir='ltr'>alterum</span> 
     </span>
    </p>

    <p class='ocr_par' dir='ltr' id='par_1_10' title="bbox 233 2554 2729 2670">
     <span class='ocr_line' id='line_1_27' title="bbox 233 2554 2729 2670; baseline 0.004 -39"><span class='ocrx_word' id='word_1_230' title='bbox 233 2554 395 2631; x_wconf 59' lang='grc' dir='ltr'>ΛΜ·</span> <span class='ocrx_word' id='word_1_231' title='bbox 580 2563 978 2662; x_wconf 83' lang='lat' dir='ltr'>procedente</span> <span class='ocrx_word' id='word_1_232' title='bbox 1011 2586 1186 2632; x_wconf 84' lang='lat' dir='ltr'>anno</span> <span class='ocrx_word' id='word_1_233' title='bbox 1219 2560 1393 2631; x_wconf 86' lang='lat' dir='ltr'>casus</span> <span class='ocrx_word' id='word_1_234' title='bbox 1430 2583 1604 2630; x_wconf 87' lang='lat' dir='ltr'>rarus</span> <span class='ocrx_word' id='word_1_235' title='bbox 1633 2584 1739 2632; x_wconf 83' lang='lat' dir='ltr'>ma</span> <span class='ocrx_word' id='word_1_236' title='bbox 1788 2565 1840 2631; x_wconf 86' lang='lat' dir='ltr'>is</span> <span class='ocrx_word' id='word_1_237' title='bbox 1860 2584 2057 2670; x_wconf 77' lang='lat' dir='ltr'>quam</span> <span class='ocrx_word' id='word_1_238' title='bbox 2090 2560 2480 2640; x_wconf 81' lang='lat' dir='ltr'>admirabilis</span> <span class='ocrx_word' id='word_1_239' title='bbox 2506 2621 2527 2653; x_wconf 93' lang='lat'><strong>,</strong></span> <span class='ocrx_word' id='word_1_240' title='bbox 2624 2574 2729 2650; x_wconf 85' lang='lat' dir='ltr'>uia</span> 
     </span>
    </p>

    <p class='ocr_par' dir='ltr' id='par_1_11' title="bbox 570 2592 2729 3043">
     <span class='ocr_line' id='line_1_28' title="bbox 573 2592 2729 2757; baseline 0.004 -27"><span class='ocrx_word' id='word_1_241' title='bbox 573 2681 721 2733; x_wconf 75' lang='lat' dir='ltr'>vera</span> <span class='ocrx_word' id='word_1_242' title='bbox 738 2656 1036 2753; x_wconf 86' lang='lat' dir='ltr'>prodigia</span> <span class='ocrx_word' id='word_1_243' title='bbox 1057 2680 1194 2729; x_wconf 87' lang='lat' dir='ltr'>non</span> <span class='ocrx_word' id='word_1_244' title='bbox 1233 2654 1620 2753; x_wconf 84' lang='lat' dir='ltr'>suppetunt,</span> <span class='ocrx_word' id='word_1_245' title='bbox 1664 2679 1711 2726; x_wconf 95' lang='lat' dir='ltr'>o</span> <span class='ocrx_word' id='word_1_246' title='bbox 1808 2658 2076 2728; x_wconf 83' lang='lat' dir='ltr'>ntiloco</span> <span class='ocrx_word' id='word_1_247' title='bbox 2093 2662 2434 2757; x_wconf 82' lang='lat' dir='ltr'>accipitur.</span> <span class='ocrx_word' id='word_1_248' title='bbox 2485 2592 2729 2737; x_wconf 55' lang='lat' dir='ltr'>Pigeat</span> 
     </span>
     <span class='ocr_line' id='line_1_29' title="bbox 570 2749 2729 2848; baseline 0.003 -25"><span class='ocrx_word' id='word_1_249' title='bbox 570 2776 611 2823; x_wconf 94' lang='lat' dir='ltr'>e</span> <span class='ocrx_word' id='word_1_250' title='bbox 632 2753 1018 2823; x_wconf 80' lang='lat' dir='ltr'>balaenarum</span> <span class='ocrx_word' id='word_1_251' title='bbox 1054 2771 1331 2848; x_wconf 83' lang='lat' dir='ltr'>genere,</span> <span class='ocrx_word' id='word_1_252' title='bbox 1377 2749 1547 2820; x_wconf 84' lang='lat' dir='ltr'>adeo</span> <span class='ocrx_word' id='word_1_253' title='bbox 1591 2768 1727 2821; x_wconf 85' lang='lat' dir='ltr'>non</span> <span class='ocrx_word' id='word_1_254' title='bbox 1766 2754 2068 2847; x_wconf 88' lang='lat' dir='ltr'>ignotum</span> <span class='ocrx_word' id='word_1_255' title='bbox 2087 2803 2109 2838; x_wconf 90' lang='lat'><strong>,</strong></span> <span class='ocrx_word' id='word_1_256' title='bbox 2158 2772 2230 2822; x_wconf 93' lang='lat' dir='ltr'>ut</span> <span class='ocrx_word' id='word_1_257' title='bbox 2263 2758 2568 2828; x_wconf 87' lang='lat' dir='ltr'>maritimi</span> <span class='ocrx_word' id='word_1_258' title='bbox 2604 2759 2729 2830; x_wconf 90' lang='lat' dir='ltr'>ho·-</span> 
     </span>
     <span class='ocr_line' id='line_1_30' title="bbox 570 2842 2727 2931; baseline 0.004 -15"><span class='ocrx_word' id='word_1_259' title='bbox 570 2850 778 2917; x_wconf 87' lang='lat' dir='ltr'>mines</span> <span class='ocrx_word' id='word_1_260' title='bbox 800 2868 1043 2916; x_wconf 88' lang='lat' dir='ltr'>nomen</span> <span class='ocrx_word' id='word_1_261' title='bbox 1078 2846 1155 2915; x_wconf 73' lang='lat' dir='ltr'>sse</span> <span class='ocrx_word' id='word_1_262' title='bbox 1207 2847 1302 2915; x_wconf 87' lang='lat' dir='ltr'>ius</span> <span class='ocrx_word' id='word_1_263' title='bbox 1338 2842 1453 2916; x_wconf 81' lang='lat' dir='ltr'>visi</span> <span class='ocrx_word' id='word_1_264' title='bbox 1488 2864 1967 2931; x_wconf 84' lang='lat' dir='ltr'>memorarent,</span> <span class='ocrx_word' id='word_1_265' title='bbox 2011 2844 2303 2922; x_wconf 84' lang='lat' dir='ltr'>auditum</span> <span class='ocrx_word' id='word_1_266' title='bbox 2341 2852 2516 2924; x_wconf 79' lang='lat' dir='ltr'>circa</span> <span class='ocrx_word' id='word_1_267' title='bbox 2547 2850 2727 2924; x_wconf 78' lang='lat' dir='ltr'>littus</span> 
     </span>
     <span class='ocr_line' id='line_1_31' title="bbox 572 2937 2727 3043; baseline 0.003 -32"><span class='ocrx_word' id='word_1_268' title='bbox 572 2938 1034 3012; x_wconf 83' lang='lat' dir='ltr'>Hollandicum</span> <span class='ocrx_word' id='word_1_269' title='bbox 1072 2942 1138 3035; x_wconf 88' lang='lat' dir='ltr'>pi</span> <span class='ocrx_word' id='word_1_270' title='bbox 1166 2957 1418 3012; x_wconf 87' lang='lat' dir='ltr'>catores</span> <span class='ocrx_word' id='word_1_271' title='bbox 1450 2937 1674 3033; x_wconf 75' lang='lat' dir='ltr'>iti-ejus</span> <span class='ocrx_word' id='word_1_272' title='bbox 1697 2962 1833 3010; x_wconf 80' lang='lat' dir='ltr'>orae</span> <span class='ocrx_word' id='word_1_273' title='bbox 1868 2941 2238 3036; x_wconf 85' lang='lat' dir='ltr'>proximum</span> <span class='ocrx_word' id='word_1_274' title='bbox 2277 2940 2541 3016; x_wconf 51' lang='lat' dir='ltr'>funibus*</span> <span class='ocrx_word' id='word_1_275' title='bbox 2579 2967 2727 3043; x_wconf 89' lang='lat' dir='ltr'>per-</span> 
     </span>
    </p>

    <p class='ocr_par' dir='ltr' id='par_1_12' title="bbox 241 3029 2728 3118">
     <span class='ocr_line' id='line_1_32' title="bbox 241 3029 2728 3118; baseline 0.006 -22"><span class='ocrx_word' id='word_1_276' title='bbox 241 3036 436 3096; x_wconf 73' lang='lat' dir='ltr'>Balaenae</span> <span class='ocrx_word' id='word_1_277' title='bbox 468 3053 541 3107; x_wconf 82' lang='grc' dir='ltr'>7ο</span> <span class='ocrx_word' id='word_1_278' title='bbox 575 3053 919 3106; x_wconf 84' lang='lat' dir='ltr'>traxerant.</span> <span class='ocrx_word' id='word_1_279' title='bbox 960 3031 1330 3105; x_wconf 77' lang='lat' dir='ltr'>‚Berkbeida</span> <span class='ocrx_word' id='word_1_280' title='bbox 1353 3029 1608 3104; x_wconf 75' lang='lat' dir='ltr'>is‘locus</span> <span class='ocrx_word' id='word_1_281' title='bbox 1627 3030 1903 3118; x_wconf 86' lang='lat' dir='ltr'>dicitur,</span> <span class='ocrx_word' id='word_1_282' title='bbox 1941 3032 2353 3106; x_wconf 84' lang='lat' dir='ltr'>Sceverinam</span> <span class='ocrx_word' id='word_1_283' title='bbox 2383 3041 2552 3116; x_wconf 85' lang='lat' dir='ltr'>inter</span> <span class='ocrx_word' id='word_1_284' title='bbox 2570 3041 2728 3111; x_wconf 84' lang='lat' dir='ltr'>alte-</span> 
     </span>
    </p>

    <p class='ocr_par' dir='ltr' id='par_1_13' title="bbox 234 3106 2725 3237">
     <span class='ocr_line' id='line_1_33' title="bbox 234 3106 2725 3237; baseline 0.003 -38"><span class='ocrx_word' id='word_1_285' title='bbox 234 3106 513 3237; x_wconf 41' lang='lat' dir='ltr'>¹⁵⁶5ka</span> <span class='ocrx_word' id='word_1_286' title='bbox 577 3151 851 3226; x_wconf 85' lang='lat' dir='ltr'>rumque</span> <span class='ocrx_word' id='word_1_287' title='bbox 889 3132 1099 3202; x_wconf 86' lang='lat' dir='ltr'>vicum</span> <span class='ocrx_word' id='word_1_288' title='bbox 1137 3146 1419 3200; x_wconf 88' lang='lat' dir='ltr'>veterem</span> <span class='ocrx_word' id='word_1_289' title='bbox 1457 3129 1496 3200; x_wconf 82' lang='lat' dir='ltr'>‘e</span> <span class='ocrx_word' id='word_1_290' title='bbox 1537 3125 1751 3199; x_wconf 89' lang='lat' dir='ltr'>Cattis</span> <span class='ocrx_word' id='word_1_291' title='bbox 1792 3129 2114 3225; x_wconf 86' lang='lat' dir='ltr'>originem</span> <span class='ocrx_word' id='word_1_292' title='bbox 2152 3127 2290 3232; x_wconf 80' lang='lat' dir='ltr'>ipso</span> <span class='ocrx_word' id='word_1_293' title='bbox 2326 3138 2594 3205; x_wconf 88' lang='lat' dir='ltr'>nomine</span> <span class='ocrx_word' id='word_1_294' title='bbox 2627 3155 2725 3206; x_wconf 87' lang='lat' dir='ltr'>te-</span> 
     </span>
    </p>

    <p class='ocr_par' dir='ltr' id='par_1_14' title="bbox 241 3193 2725 3483">
     <span class='ocr_line' id='line_1_34' title="bbox 241 3193 2719 3316; baseline 0.001 -18"><span class='ocrx_word' id='word_1_295' title='bbox 241 3193 442 3314; x_wconf 57' lang='lat' dir='ltr'>ssum</span> <span class='ocrx_word' id='word_1_296' title='bbox 512 3212 538 3233; x_wconf 68' lang='lat'><em>⁶</em></span> <span class='ocrx_word' id='word_1_297' title='bbox 578 3224 846 3299; x_wconf 86' lang='lat' dir='ltr'>stantem</span> <span class='ocrx_word' id='word_1_298' title='bbox 869 3277 890 3309; x_wconf 91' lang='lat'>,</span> <span class='ocrx_word' id='word_1_299' title='bbox 940 3221 1109 3293; x_wconf 88' lang='lat' dir='ltr'>unde</span> <span class='ocrx_word' id='word_1_300' title='bbox 1142 3246 1276 3292; x_wconf 85' lang='lat' dir='ltr'>non</span> <span class='ocrx_word' id='word_1_301' title='bbox 1361 3221 1541 3292; x_wconf 88' lang='lat' dir='ltr'>rocul</span> <span class='ocrx_word' id='word_1_302' title='bbox 1577 3225 1788 3295; x_wconf 82' lang='lat' dir='ltr'>exitus</span> <span class='ocrx_word' id='word_1_303' title='bbox 1825 3220 2047 3292; x_wconf 80' lang='lat' dir='ltr'>medio</span> <span class='ocrx_word' id='word_1_304' title='bbox 2084 3222 2299 3295; x_wconf 82' lang='lat' dir='ltr'>Rheni</span> <span class='ocrx_word' id='word_1_305' title='bbox 2336 3225 2522 3298; x_wconf 87' lang='lat' dir='ltr'>alveo</span> <span class='ocrx_word' id='word_1_306' title='bbox 2553 3224 2719 3316; x_wconf 83' lang='lat' dir='ltr'>fuit,</span> 
     </span>
     <span class='ocr_line' id='line_1_35' title="bbox 242 3246 2725 3483; baseline 0.001 -93"><span class='ocrx_word' id='word_1_307' title='bbox 242 3323 394 3379; x_wconf 73' lang='lat' dir='ltr'>vadis</span> <span class='ocrx_word' id='word_1_308' title='bbox 415 3322 508 3378; x_wconf 63' lang='lat' dir='ltr'>d-</span> <span class='ocrx_word' id='word_1_309' title='bbox 573 3344 648 3390; x_wconf 89' lang='lat' dir='ltr'>ac</span> <span class='ocrx_word' id='word_1_310' title='bbox 671 3321 1053 3391; x_wconf 85' lang='lat' dir='ltr'>nuncetiam</span> <span class='ocrx_word' id='word_1_311' title='bbox 1084 3246 1386 3388; x_wconf 54' lang='lat' dir='ltr'>firbverfae</span> <span class='ocrx_word' id='word_1_312' title='bbox 1419 3318 1582 3387; x_wconf 76' lang='lat' dir='ltr'>arcis</span> <span class='ocrx_word' id='word_1_313' title='bbox 1618 3315 1770 3387; x_wconf 89' lang='lat' dir='ltr'>vesti</span> <span class='ocrx_word' id='word_1_314' title='bbox 1821 3319 1878 3388; x_wconf 87' lang='lat' dir='ltr'>ia</span> <span class='ocrx_word' id='word_1_315' title='bbox 1916 3311 2177 3483; x_wconf 43' lang='lat' dir='ltr'>refugis</span> <span class='ocrx_word' id='word_1_316' title='bbox 2203 3318 2538 3393; x_wconf 86' lang='lat' dir='ltr'>interdum</span> <span class='ocrx_word' id='word_1_317' title='bbox 2563 3345 2725 3432; x_wconf 81' lang='lat' dir='ltr'>ape·</span> 
     </span>
    </p>

    <p class='ocr_par' dir='ltr' id='par_1_15' title="bbox 236 3389 2720 3507">
     <span class='ocr_line' id='line_1_36' title="bbox 236 3389 2720 3507; baseline 0.002 -22"><span class='ocrx_word' id='word_1_318' title='bbox 236 3389 506 3453; x_wconf 67' lang='lat' dir='ltr'>Kamm-</span> <span class='ocrx_word' id='word_1_319' title='bbox 571 3418 659 3485; x_wconf 88' lang='lat' dir='ltr'>rit</span> <span class='ocrx_word' id='word_1_320' title='bbox 681 3415 1027 3499; x_wconf 71' lang='lat' dir='ltr'>OceanuS,</span> <span class='ocrx_word' id='word_1_321' title='bbox 1073 3433 1199 3482; x_wconf 84' lang='lat' dir='ltr'>una</span> <span class='ocrx_word' id='word_1_322' title='bbox 1219 3433 1492 3507; x_wconf 89' lang='lat' dir='ltr'>operum</span> <span class='ocrx_word' id='word_1_323' title='bbox 1514 3409 1702 3482; x_wconf 88' lang='lat' dir='ltr'>Drufi</span> <span class='ocrx_word' id='word_1_324' title='bbox 1727 3411 1771 3480; x_wconf 88' lang='lat' dir='ltr'>il</span> <span class='ocrx_word' id='word_1_325' title='bbox 1798 3437 1833 3481; x_wconf 89' lang='lat' dir='ltr'>a</span> <span class='ocrx_word' id='word_1_326' title='bbox 1856 3464 1878 3497; x_wconf 85' lang='lat'><strong>,</strong></span> <span class='ocrx_word' id='word_1_327' title='bbox 1923 3405 2026 3479; x_wconf 86' lang='lat' dir='ltr'>seu</span> <span class='ocrx_word' id='word_1_328' title='bbox 2114 3416 2284 3485; x_wconf 88' lang='lat' dir='ltr'>everi</span> <span class='ocrx_word' id='word_1_329' title='bbox 2301 3410 2469 3502; x_wconf 90' lang='lat' dir='ltr'>fuit,</span> <span class='ocrx_word' id='word_1_330' title='bbox 2515 3440 2620 3486; x_wconf 79' lang='lat' dir='ltr'>cui</span> <span class='ocrx_word' id='word_1_331' title='bbox 2636 3440 2720 3491; x_wconf 82' lang='lat' dir='ltr'>ex</span> 
     </span>
    </p>

    <p class='ocr_par' dir='ltr' id='par_1_16' title="bbox 563 3504 2778 3792">
     <span class='ocr_line' id='line_1_37' title="bbox 565 3504 2778 3600; baseline 0.002 -21"><span class='ocrx_word' id='word_1_332' title='bbox 565 3504 825 3579; x_wconf 84' lang='lat' dir='ltr'>adversa</span> <span class='ocrx_word' id='word_1_333' title='bbox 864 3509 1192 3579; x_wconf 87' lang='lat' dir='ltr'>Britannia</span> <span class='ocrx_word' id='word_1_334' title='bbox 1226 3504 1610 3578; x_wconf 85' lang='lat' dir='ltr'>vocabulum</span> <span class='ocrx_word' id='word_1_335' title='bbox 1646 3506 1924 3600; x_wconf 84' lang='lat' dir='ltr'>majores</span> <span class='ocrx_word' id='word_1_336' title='bbox 1957 3504 2267 3577; x_wconf 88' lang='lat' dir='ltr'>indidere.</span> <span class='ocrx_word' id='word_1_337' title='bbox 2350 3510 2484 3581; x_wconf 87' lang='lat' dir='ltr'>Hic</span> <span class='ocrx_word' id='word_1_338' title='bbox 2511 3508 2721 3583; x_wconf 77' lang='lat' dir='ltr'>bellua</span> <span class='ocrx_word' id='word_1_339' title='bbox 2757 3571 2778 3582; x_wconf 88' lang='lat'>-</span> 
     </span>
     <span class='ocr_line' id='line_1_38' title="bbox 563 3595 2720 3699; baseline 0.002 -26"><span class='ocrx_word' id='word_1_340' title='bbox 563 3595 968 3699; x_wconf 85' lang='lat' dir='ltr'>septuaginta</span> <span class='ocrx_word' id='word_1_341' title='bbox 995 3602 1235 3696; x_wconf 89' lang='lat' dir='ltr'>pedum</span> <span class='ocrx_word' id='word_1_342' title='bbox 1271 3597 1476 3696; x_wconf 88' lang='lat' dir='ltr'>spatio</span> <span class='ocrx_word' id='word_1_343' title='bbox 1523 3595 1819 3695; x_wconf 65' lang='lat' dir='ltr'>porreeta</span> <span class='ocrx_word' id='word_1_344' title='bbox 1855 3652 1875 3685; x_wconf 88' lang='lat'>‚</span> <span class='ocrx_word' id='word_1_345' title='bbox 1940 3600 2125 3694; x_wconf 89' lang='lat' dir='ltr'>quod</span> <span class='ocrx_word' id='word_1_346' title='bbox 2166 3598 2398 3674; x_wconf 63' lang='lat' dir='ltr'>fluaus</span> <span class='ocrx_word' id='word_1_347' title='bbox 2444 3605 2613 3677; x_wconf 85' lang='lat' dir='ltr'>inter</span> <span class='ocrx_word' id='word_1_348' title='bbox 2642 3608 2720 3676; x_wconf 75' lang='grc' dir='ltr'>δε</span> 
     </span>
     <span class='ocr_line' id='line_1_39' title="bbox 564 3691 2736 3792; baseline 0.004 -28"><span class='ocrx_word' id='word_1_349' title='bbox 564 3717 777 3768; x_wconf 82' lang='lat' dir='ltr'>arenae</span> <span class='ocrx_word' id='word_1_350' title='bbox 798 3694 1081 3765; x_wconf 86' lang='lat' dir='ltr'>tumulos</span> <span class='ocrx_word' id='word_1_351' title='bbox 1114 3713 1385 3792; x_wconf 87' lang='lat' dir='ltr'>propter</span> <span class='ocrx_word' id='word_1_352' title='bbox 1416 3691 1728 3788; x_wconf 81' lang='lat' dir='ltr'>surgentis</span> <span class='ocrx_word' id='word_1_353' title='bbox 1763 3695 2009 3766; x_wconf 85' lang='lat' dir='ltr'>littoris</span> <span class='ocrx_word' id='word_1_354' title='bbox 2027 3714 2205 3790; x_wconf 84' lang='lat' dir='ltr'>patet</span> <span class='ocrx_word' id='word_1_355' title='bbox 2233 3697 2545 3769; x_wconf 87' lang='lat' dir='ltr'>immenso</span> <span class='ocrx_word' id='word_1_356' title='bbox 2565 3707 2736 3772; x_wconf 62' lang='lat' dir='ltr'>core</span> 
     </span>
    </p>

    <p class='ocr_par' dir='ltr' id='par_1_17' title="bbox 466 3784 2721 3889">
     <span class='ocr_line' id='line_1_40' title="bbox 466 3784 2721 3889; baseline 0.003 -33"><span class='ocrx_word' id='word_1_357' title='bbox 466 3801 473 3808; x_wconf 74' lang='grc'><strong>“</strong></span> <span class='ocrx_word' id='word_1_358' title='bbox 567 3810 735 3885; x_wconf 83' lang='lat' dir='ltr'>pore</span> <span class='ocrx_word' id='word_1_359' title='bbox 769 3789 1164 3887; x_wconf 79' lang='lat' dir='ltr'>oppleverat.</span> <span class='ocrx_word' id='word_1_360' title='bbox 1233 3787 1561 3859; x_wconf 84' lang='lat' dir='ltr'>Affluebat</span> <span class='ocrx_word' id='word_1_361' title='bbox 1591 3784 1956 3885; x_wconf 64' lang='lat' dir='ltr'>spectaculo</span> <span class='ocrx_word' id='word_1_362' title='bbox 1990 3793 2086 3860; x_wconf 84' lang='lat' dir='ltr'>vis</span> <span class='ocrx_word' id='word_1_363' title='bbox 2118 3812 2350 3889; x_wconf 86' lang='lat' dir='ltr'>magna</span> <span class='ocrx_word' id='word_1_364' title='bbox 2377 3790 2721 3870; x_wconf 84' lang='lat' dir='ltr'>hominum</span> 
     </span>
    </p>

    <p class='ocr_par' dir='ltr' id='par_1_18' title="bbox 537 3881 2722 4249">
     <span class='ocr_line' id='line_1_41' title="bbox 537 3881 2722 3981; baseline 0.003 -25"><span class='ocrx_word' id='word_1_365' title='bbox 537 3881 725 3964; x_wconf 61' lang='lat' dir='ltr'>,nihil</span> <span class='ocrx_word' id='word_1_366' title='bbox 760 3881 1223 3954; x_wconf 81' lang='lat' dir='ltr'>territaodore</span> <span class='ocrx_word' id='word_1_367' title='bbox 1260 3901 1437 3953; x_wconf 88' lang='lat' dir='ltr'>tetro</span> <span class='ocrx_word' id='word_1_368' title='bbox 1463 3935 1486 3970; x_wconf 89' lang='lat'><strong>,</strong></span> <span class='ocrx_word' id='word_1_369' title='bbox 1530 3904 1725 3978; x_wconf 87' lang='lat' dir='ltr'>quem</span> <span class='ocrx_word' id='word_1_370' title='bbox 1762 3883 1952 3979; x_wconf 86' lang='lat' dir='ltr'>piscis</span> <span class='ocrx_word' id='word_1_371' title='bbox 1974 3934 1997 3971; x_wconf 86' lang='lat'>‚</span> <span class='ocrx_word' id='word_1_372' title='bbox 2044 3884 2384 3981; x_wconf 81' lang='lat' dir='ltr'>postquam</span> <span class='ocrx_word' id='word_1_373' title='bbox 2423 3890 2490 3959; x_wconf 86' lang='lat' dir='ltr'>iu</span> <span class='ocrx_word' id='word_1_374' title='bbox 2507 3884 2722 3963; x_wconf 77' lang='lat' dir='ltr'>solido</span> 
     </span>
     <span class='ocr_line' id='line_1_42' title="bbox 561 3973 2718 4075; baseline 0.005 -27"><span class='ocrx_word' id='word_1_375' title='bbox 561 3973 992 4075; x_wconf 81' lang='lat' dir='ltr'>exspiraverat</span> <span class='ocrx_word' id='word_1_376' title='bbox 1012 4028 1033 4065; x_wconf 89' lang='lat'><strong>,</strong></span> <span class='ocrx_word' id='word_1_377' title='bbox 1081 3981 1289 4074; x_wconf 86' lang='lat' dir='ltr'>ruptis</span> <span class='ocrx_word' id='word_1_378' title='bbox 1311 3978 1555 4072; x_wconf 81' lang='lat' dir='ltr'>jaciens</span> <span class='ocrx_word' id='word_1_379' title='bbox 1587 3976 1934 4051; x_wconf 77' lang='lat' dir='ltr'>visceribus</span> <span class='ocrx_word' id='word_1_380' title='bbox 1979 4032 2001 4065; x_wconf 86' lang='lat'><strong>,</strong></span> <span class='ocrx_word' id='word_1_381' title='bbox 2048 3985 2066 4052; x_wconf 91' lang='lat' dir='ltr'>i</span> <span class='ocrx_word' id='word_1_382' title='bbox 2118 3977 2457 4053; x_wconf 79' lang='lat' dir='ltr'>fammaris</span> <span class='ocrx_word' id='word_1_383' title='bbox 2494 3989 2718 4059; x_wconf 68' lang='lat' dir='ltr'>adram</span> 
     </span>
     <span class='ocr_line' id='line_1_43' title="bbox 563 4066 2716 4249; baseline 0.002 -107"><span class='ocrx_word' id='word_1_384' title='bbox 563 4074 656 4145; x_wconf 81' lang='lat' dir='ltr'>ita</span> <span class='ocrx_word' id='word_1_385' title='bbox 676 4070 985 4149; x_wconf 79' lang='lat' dir='ltr'>infecerat</span> <span class='ocrx_word' id='word_1_386' title='bbox 1002 4124 1027 4162; x_wconf 81' lang='lat'>‚</span> <span class='ocrx_word' id='word_1_387' title='bbox 1073 4091 1146 4147; x_wconf 91' lang='lat' dir='ltr'>ut</span> <span class='ocrx_word' id='word_1_388' title='bbox 1177 4066 1510 4148; x_wconf 84' lang='lat' dir='ltr'>visentium</span> <span class='ocrx_word' id='word_1_389' title='bbox 1530 4072 1882 4147; x_wconf 81' lang='lat' dir='ltr'>nonnullos</span> <span class='ocrx_word' id='word_1_390' title='bbox 1909 4097 2058 4147; x_wconf 87' lang='lat' dir='ltr'>mor</span> <span class='ocrx_word' id='word_1_391' title='bbox 2104 4080 2160 4152; x_wconf 82' lang='lat' dir='ltr'>is</span> <span class='ocrx_word' id='word_1_392' title='bbox 2184 4080 2260 4149; x_wconf 77' lang='grc' dir='ltr'>δε</span> <span class='ocrx_word' id='word_1_393' title='bbox 2276 4077 2486 4147; x_wconf 79' lang='lat' dir='ltr'>exitio</span> <span class='ocrx_word' id='word_1_394' title='bbox 2506 4074 2716 4249; x_wconf 41' lang='lat' dir='ltr'>dazegl</span> 
     </span>
    </p>
   </div>
  </div>
 </body>
</html>
