2900 4628
643 223 772 295 512
1057 204 1715 278 HVGONIS
1823 205 2351 275 GROTM

374 343 410 391 1
422 319 585 402 607.
641 313 974 404 cesserant,
993 336 1352 390 metuentes
1372 341 1455 388 ne
1475 340 1578 388 res
1605 316 2032 414 fingicredita
2051 319 2120 387 in
2136 336 2361 393 verum
2380 311 2610 399 abiret,
2633 318 2782 410 poe0'

336 460 612 519 „mm-
642 418 847 484 nitere
864 412 1088 485 filentii
1109 411 1202 483 sui
1217 429 1508 508 coeperat
1525 434 1544 480 :
1571 415 1788 506 itaque
1803 410 1912 482 alii
1936 433 2193 507 rogare,
2209 434 2355 505 quo
2369 410 2626 494 decreto
2638 433 2774 479 mo-

198 534 203 547 .
320 552 440 591 m„
488 550 608 590 m
642 507 879 581 nacbus
918 506 1131 579 hostili
1150 505 1290 577 solo
1313 506 1548 615 pedem
1566 506 1831 578 inferret
1867 528 1886 574 ε
1930 506 2038 578 alii
2058 504 2443 576 Verdufium
2459 498 2764 590 accusare,
2868 566 2870 581 .

322 606 489 663 maia
531 616 609 690 ac?
638 602 822 697 quod
845 605 1095 699 privato
1115 599 1389 672 confiho
1416 623 1554 671 rem
1575 619 1817 671 tantam
1842 596 2196 696 snscepiffet
2233 624 2252 667 ε
2297 598 2487 696 plane
2509 620 2576 667 ut
2591 621 2766 692 appa-

315 678 434 751 sm
587 712 610 738 ·
634 692 805 766 rer'et
840 720 975 767 non
1012 694 1198 767 facile
1235 698 1735 790 impetraturum
1754 690 1939 765 suiffe
1960 697 2242 779 Naiam,
2290 693 2479 789 quod
2495 691 2768 763 audendo

634 789 753 862 fibi
772 786 1187 862 concesserat.
1253 792 1433 882 Qae
1450 787 1605 859 dum
1624 789 1723 859 his
1745 792 1811 859 in
1831 788 2119 885 partibus
2135 808 2421 884 aguntur
2444 840 2466 872 ,
2503 786 2666 856 clara
2684 791 2776 856 in-

568 886 573 907 '
633 889 822 956 terim
844 889 1095 956 Batavis
1121 904 1301 980 parta
1324 886 1488 955 mari
1507 885 1777 961 victoria
1810 934 1830 968 ‚
1878 882 2285 979 cupidiorem
2308 887 2491 977 pacis
2517 880 2777 966 hostem,

631 978 805 1075 ipsos
838 985 906 1050 in
945 977 1182 1050 bellum
1220 977 1304 1049 fla
1354 976 1669 1048 'rantiores
1706 975 2014 1051 reddidit.
2089 976 2262 1045 Curn
2299 1001 2477 1049 anno
2498 980 2779 1072 proxime

678 1078 958 1153 raeterito
979 1073 1229 1168 sequius
1246 1097 1284 1144 a
1349 1071 1720 1170 Hispaniam
1739 1070 2045 1142 bellatum
2066 1066 2408 1157 foret,n0'n
2433 1071 2565 1142 fine
2579 1071 2780 1164 aliqua

655 1167 778 1238 abe
799 1173 1026 1239 veteris
1048 1167 1275 1264 glotiae
1297 1167 1532 1240 navalis
1554 1221 1577 1252 ,
1612 1162 1861 1236 dassem
1878 1168 2064 1237 aliam
2084 1164 2321 1249 eodem
2337 1170 2514 1235 mitti
2533 1165 2783 1260 placue-

631 1283 729 1331 rat
749 1314 772 1348 ,
805 1283 945 1334 tum
965 1261 1418 1357 recuperandae
1437 1259 1650 1346 famae,
1674 1280 1814 1332 tum
1834 1260 2157 1331 Indicanae
2185 1258 2509 1331 societatis
2528 1262 2657 1329 acri
2675 1282 2780 1329 ro-

483 1433 496 1445 ,
715 1376 784 1426 tu
807 1410 830 1443 ,
876 1358 1220 1428 metuentis
1256 1378 1340 1427 ne
1378 1354 1514 1426 suas
1553 1358 1621 1425 in
1658 1377 1848 1427 naves
1865 1360 1964 1427 vis
1983 1375 2124 1426 tota
2145 1353 2470 1448 Hispaniae
2494 1357 2781 1426 irrueret.

355 1426 570 1506 (ΜΨ
709 1453 904 1546 igitur
923 1450 1081 1536 dux,
1103 1454 1293 1522 maris
1315 1454 1584 1547 peritus,
1607 1448 1886 1521 Iacobus
1910 1449 2372 1520 Hemskerkius
2391 1501 2416 1534 ,
2434 1448 2783 1539 wilhelmo

314 1505 603 1633 ssf'sgk‘ss„
681 1544 961 1618 nondam
992 1547 1299 1619 Barentio
1320 1546 1452 1639 ejus
1477 1547 1720 1614 itineris
1743 1567 1966 1615 comes
1993 1598 2013 1630 ‚
2061 1549 2288 1641 quoin
2311 1547 2785 1640 septentrionis

314 1645 479 1732 ffiqm
495 1664 603 1705 ma-
655 1660 867 1710 ecreta
900 1643 1154 1736 penitus
1174 1643 1410 1734 inquiri
1429 1634 1513 1709 as
1578 1642 1771 1709 trima
1789 1636 2310 1725 fortunavetuit3
2341 1640 2460 1709 -b‘rs
2481 1656 2788 1733 praeterea

315 1735 488 1843 ml..
521 1739 600 1806 f*
628 1733 711 1804 ad
729 1733 934 1805 Indos
956 1730 1285 1830 profedms
1306 1787 1327 1822 ,
1377 1662 2115 1829 unclzeopulentiffimam
2136 1757 2345 1829 nuper
2364 1757 2597 1804 navem
2617 1730 2785 1807 bello

278 1903 293 1913 Σ
307 1802 498 1923 Q
631 1848 886 1925 captam
905 1828 1278 1917 adduxerat.
1328 1828 1581 1926 Viginti
1603 1832 1676 1897 &
1695 1824 1799 1898 sex
1815 1852 2004 1901 naves
2020 1832 2080 1898 ei
2099 1826 2456 1911 attributae,
2475 1828 2653 1899 bello
2667 1851 2784 1924 pa-

628 1944 784 1993 ratae
801 1976 823 2010 ,
845 1943 1128 2018 quatuor
1146 1922 1284 1994 aliae
1302 1920 1590 1994 ferendis
1612 1923 2077 1995 commeatibus
2103 1947 2296 2011 ,cum
2314 1923 2631 1995 mandato
2653 1976 2674 2008 ,
2689 1920 2780 1992 fa-

624 2038 805 2088 ceret
822 2024 1005 2113 quod
1029 2014 1139 2089 usu
1158 2015 1336 2089 fatito
1353 2018 1695 2097 videretur.
1737 2018 1902 2095 Nec
1925 2017 2260 2089 dubitabat
2289 2015 2425 2115 ipse
2449 2022 2777 2113 promitte·

550 2122 553 2127 ’
622 2135 726 2199 me,
748 2109 1060 2199 filturum,
1077 2132 1151 2182 ut
1168 2131 1432 2183 mortuo
1453 2112 1559 2183 seu
1580 2109 1888 2208 superstiti
1905 2117 2141 2210 gratias
2162 2111 2280 2184 fibi
2298 2117 2512 2208 patria
2528 2130 2770 2208 ageret:

619 2224 996 2302 quantaque
1016 2206 1253 2278 fiducia
1275 2206 1501 2303 plenus
1521 2209 1707 2283 iverit
1725 2260 1751 2293 ,
1767 2206 1920 2278 binc
1935 2206 2201 2304 quoque
2225 2206 2503 2304 intelligi
2530 2205 2733 2302 potest
2751 2258 2776 2291 ,

621 2299 807 2395 quod
829 2299 1212 2397 stipendium
1228 2300 1400 2375 aliud
1422 2301 1630 2375 noluit
1656 2354 1676 2388 ,
1713 2324 1909 2398 quam
1930 2323 2179 2398 partem
2195 2301 2497 2376 ostavam
2516 2303 2649 2395 ejus
2663 2299 2781 2373 de-

619 2416 802 2464 mum
839 2396 1072 2500 praedae
1097 2448 1118 2481 ,
1167 2417 1315 2493 quae
1349 2403 1707 2491 quingenta
1739 2396 2141 2468 florenorum
2172 2396 2372 2467 millia
2409 2396 2782 2469 excederet.

615 2490 773 2558 Erat
791 2493 1065 2561 omnino
1087 2514 1222 2560 non
1243 2508 1376 2559 tam
1398 2494 1716 2587 pecuniae,
1734 2515 1880 2589 quae
1900 2497 1920 2562 i
1971 2492 2017 2564 s1
2039 2490 2389 2598 supererat,
2410 2515 2617 2588 quam
2637 2493 2783 2590 glo·

616 2585 728 2652 riae
743 2583 964 2655 avidus
1002 2614 1041 2668 ς’
1071 2586 1201 2656 hoc
1220 2605 1494 2683 quoque
1526 2583 1803 2657 studium
1821 2587 1927 2658 nul
2008 2586 2097 2657 sui
2109 2587 2422 2681 jactantia
2446 2586 2742 2682 prodens
2765 2637 2790 2676 ,

669 2679 863 2773 uippe
884 2677 1136 2750 civilem
1157 2683 1224 2749 in
1242 2676 1486 2750 vultum
1509 2678 1931 2777 habitumque
1945 2681 2346 2777 compofitus
2361 2679 2492 2752 alte
2513 2679 2792 2753 abscon·

617 2699 800 2842 derat
817 2775 1102 2843 animum
1117 2773 1479 2843 militarem.
1514 2774 1682 2845 Vere
1703 2777 2041 2862 inchoato,
2063 2776 2257 2874 paulo
2275 2796 2640 2871 antequam
2662 2783 2794 2875 pri-

620 2888 729 2935 ma
748 2871 915 2937 inter
926 2867 1330 2939 Archiduces
1345 2887 1542 2963 atque
1559 2869 1850 2953 Ordines
1873 2871 2090 2967 pactio
2113 2870 2397 2955 fieret‚in
2421 2895 2616 2943 mare
2637 2898 2791 2969 pro-

618 2956 828 3032 fedus
848 3014 868 3049 ‚
891 2961 1004 3035 ubi
1019 2961 1102 3032 ad
1121 2960 1444 3059 Hispaniae
1464 2987 1614 3035 oras
1634 2972 1922 3060 pervenit
1948 3018 1970 3050 ,
2001 2968 2176 3063 ‚Tagi
2203 2964 2364 3036 ostia
2382 2965 2615 3040 invehi
2632 2992 2794 3042 con·

606 3053 864 3143 stituit,
914 3075 985 3127 ut
1026 3055 1477 3129 nobiliffimam
1520 3057 1774 3130 urbium
1811 3059 2231 3158 Vliffiponem
2268 3058 2498 3130 testem
2524 3059 2794 3134 haberet
2869 3073 2870 3128 1

320 3242 325 3250 .
613 3145 861 3257 suarum
877 3154 1211 3224 virtutum.
1235 3150 1364 3223 Sed
1385 3174 1500 3247 per
1517 3153 1986 3248 exploratores,
2002 3178 2173 3250 quos
2187 3175 2645 3240 mercatorum
2666 3160 2798 3257 spe·
2869 3181 2870 3246 g

364 3323 370 3342 ·
478 3317 482 3321 Α
615 3265 720 3313 cie
756 3240 1007 3316 miserat
1031 3299 1052 3331 ,
1100 3267 1344 3341 perque
1372 3246 1599 3319 obvias
1635 3248 1973 3320 Gallorum
2004 3273 2081 3318 ac
2104 3251 2578 3334 Britannorum
2605 3276 2800 3324 naves
2869 3283 2870 3344 j

617 3334 915 3426 edoctus,
933 3363 1082 3435 quae
1106 3340 1235 3411 illic
1253 3338 1506 3412 fuerant
1528 3355 1726 3414 naves·
1738 3343 2072 3440 plerasque
2092 3343 2174 3412 ad
2199 3344 2400 3415 Indos
2418 3344 2796 3434 abiiffe,&,

617 3454 766 3525 quae
784 3432 1087 3505 secuturae
1108 3433 1308 3505 effent
1326 3489 1345 3519 ,
1370 3438 1708 3532 imparatas
1723 3437 1960 3522 adhuc,
1980 3457 2281 3510 caeterum
2300 3442 2652 3534 egregiam
2675 3446 2799 3512 Hi·

614 3527 960 3620 spanorum
998 3528 1251 3599 claffem
1275 3529 1639 3626 Calpetano
1661 3530 1790 3604 finu
1814 3529 1874 3608 st
1891 3551 2107 3603 tenere
2128 3589 2151 3617 ,
2195 3556 2341 3627 quae
2371 3557 2574 3607 naves
2602 3540 2806 3608 Bata-

612 3641 847 3692 vorum
879 3628 1139 3712 interno
1176 3647 1256 3695 ex
1286 3628 1444 3695 mari
1480 3629 1544 3695 in
1567 3628 1907 3698 Oceanum
1926 3647 2324 3699 transeuntes
2349 3625 2493 3723 ipso
2519 3634 2596 3699 in
2620 3629 2802 3702 freto

613 3721 941 3813 exciperet
961 3771 982 3803 ‚
1031 3718 1181 3788 illuc
1203 3719 1341 3791 vela
1361 3719 1609 3816 dirigit,
1631 3740 1701 3791 ut
1717 3726 1886 3792 venti
1899 3721 2207 3817 jufferant
2232 3776 2254 3808 ‚
2287 3721 2506 3793 modo
2527 3726 2800 3797 Manri-

615 3817 858 3881 taniam
886 3864 906 3896 ,
929 3811 1547 3911 ‚modo'Hispaniam
1566 3819 1833 3911 propius
1855 3815 2262 3913 adnaviganS.
2332 3820 2522 3887 Nam
2548 3826 2791 3915 primas

612 3903 925 3977 Atlantici
962 3908 1214 3978 Oceani
1240 3912 1305 3978 in
1330 3928 1527 3979 terras
1549 3909 1609 3979 le
1631 3908 2000 3982 infinuantis
2020 3912 2333 4010 angustias
2357 3933 2634 3985 montes
2650 3914 2790 3983 dno
2869 3925 2870 3930 ’

606 3998 861 4167 praealti
884 4001 1223 4088 cohibent,
1247 4004 1658 4075 Mauritaniae
1679 4005 1900 4093 Abila,
1926 4007 2248 4103 Hispaniae
2271 4003 2392 4076 Cal
2567 4008 2794 4080 Pabu-

631 4091 740 4166 osa
775 4100 1122 4189 antiquitas
1162 4120 1358 4169 unum
1380 4097 1543 4169 olim
1565 4097 1748 4173 fuiffe
1764 4122 2058 4174 montem
2091 4104 2224 4197 (δι
2240 4101 2333 4176 est
2351 4031 2512 4176 fiffe'
2523 4155 2550 4194 ,
2589 4103 2636 4176 fi
2663 4103 2800 4171 fre-
2869 4115 2870 4124 ¹

2633 4217 2792 4266 mm
2869 4217 2870 4300 ὲ
