2900 4628
450 190 1497 291 HISTORI-ARVM
1574 198 2078 272 L113.v11.
2169 168 2340 295 ’μς

170 299 350 375 dere
378 357 400 390 ,
445 299 678 405 finguli
710 330 783 376 ca
835 309 1086 376 iamur?
1130 304 1370 378 Melius
1400 304 1562 376 olim
1601 305 1824 416 populi
1858 330 1934 377 nc
1953 331 2136 407 reges
2159 363 2180 396 ,
2225 314 2346 406 qui
2374 312 2610 411 -1598.

172 396 313 494 ipfi
343 396 554 471 adhuc
576 399 729 471 illac
817 404 890 470 iti
915 452 934 484 ,
981 396 1413 470 crescentibus
1455 402 1745 497 imperiis
1782 404 1849 470 in
1876 416 2183 499 tempore
2216 407 2346 474 ob-

74 570 78 572 ,
172 494 360 565 viam
391 496 602 565 ierunt
625 548 645 580 ,
693 497 1014 573 necaeteti
1034 493 1206 565 suam
1228 498 1293 563 in
1316 496 1665 589 perniciem
1684 498 2107 566 vincerentur.
2173 499 2352 568 Sciea

174 588 353 658 bant
394 593 639 686 quippe
675 587 995 662 beliorum
1032 586 1152 658 alia
1188 591 1326 684 geri
1367 608 1440 657 ut
1468 610 1593 682 pax
1636 587 1938 659 habeatur
1969 640 1990 674 ,
2036 592 2156 659 alia
2197 593 2350 686 quin

158 680 415 753 ‘haberi
457 706 594 753 non
626 682 863 779 potest.
935 683 1119 752 Nam
1154 701 1225 752 ut
1261 703 1445 777 aquae
1477 685 1553 751 &
1577 685 1744 778 ignis
1766 733 1788 766 ,
1835 703 2109 776 quarum
2135 706 2348 755 rerum

174 780 515 849 contraria
555 796 777 869 natura
810 772 941 860 est,
978 779 1066 853 ita
1084 798 1310 845 eorum
1333 829 1355 861 ,
1405 778 1521 872 qui
1557 778 1875 872 imperare
1910 778 2216 849 omnibus
2233 801 2349 848 cu·

156 873 381 969 'piunt
404 924 426 957 ‚
478 873 552 939 &
595 873 711 966 qui
750 867 974 940 servire
1006 869 1184 940 alteri
1210 869 1439 941 nolunt
1463 924 1482 956 ‚
1535 888 1841 965 perpetua
1869 871 2349 942 &immortalis

172 987 411 1063 pugna
433 964 527 1035 est
564 987 582 1032 ε
631 969 697 1034 in
721 985 845 1060 qua
868 963 1174 1034 vindicari
1196 963 1405 1052 serum
1428 1017 1447 1049 ,
1473 966 1943 1045 'imminentem
1969 984 2349 1061 antecapere

174 1060 529 1166 prudentis
566 1062 639 1129 δε
668 1055 1153 1156 gloriosum-est.
1222 1060 1390 1128 Non
1415 1061 1591 1128 enim
1614 1057 1956 1153 puniendis
1977 1054 2225 1129 tantuin
2247 1063 2348 1129 in-

161 1155 371 1247 juriis
395 1206 415 1238 ‚
465 1150 567 1223 sed
593 1151 1045 1248 praevertendis
1066 1205 1085 1237 ,
1119 1155 1397 1222 maxime
1417 1154 1703 1249 regimen
1723 1152 2127 1248 principibus
2151 1156 2225 1222 δε
2247 1176 2348 1222 ar-

162 1267 298 1316 ma
333 1246 576 1317 caelitus
617 1245 784 1316 data.
856 1247 972 1316 Ne
1007 1265 1221 1316 tuetur
1236 1242 1299 1314 se
1316 1244 1579 1339 quidem
1604 1297 1624 1329 ,
1671 1249 1784 1341 qui
1806 1250 2345 1318 tueri.contentus

162 1328 303 1413 est.
359 1343 700 1411 Nocentes
723 1340 1594 1502 animosirritatimggnitas.
1647 1338 1795 1411 Sive
1817 1360 1886 1409 ut
1907 1362 2028 1410 nos
2049 1339 2183 1412 subi
2231 1363 2344 1428 wat,

174 1428 291 1525 seu
327 1432 638 1531 quicquid
671 1432 753 1503 de
787 1432 989 1507 nobis
1016 1433 1278 1503 fortuna
1402 1436 1595 1503 tuerit
1631 1484 1652 1518 ,
1697 1437 2055 1504 Turcicum
2099 1434 2199 1506 bel
2228 1458 2342 1507 um

171 1525 437 1624 aliaque
524 1526 880 1598 raetendens
929 1527 1260 1624 Philippus
1300 1524 1550 1625 semper
1590 1545 1868 1599 armatus
1914 1549 2102 1600 terrae
2145 1532 2341 1600 mari-

174 1644 313 1717 que
334 1628 478 1692 incu
567 1622 665 1692 bit
701 1632 983 1717 :neque
1025 1621 1138 1693 ino
1173 1628 1239 1691 in
1280 1625 1475 1692 armis
1494 1642 1724 1719 agente
1740 1620 1977 1718 Anglia
1997 1619 2124 1694 effe
2143 1643 2338 1719 pote-

173 1720 266 1786 rit
301 1736 410 1786 aut
445 1735 624 1788 metu
658 1734 766 1786 aut
789 1715 996 1785 sumtu
1018 1738 1236 1787 vacua.
1305 1719 1461 1786 Hoc
1484 1736 1733 1787 tantum
1756 1720 2065 1810 quaeritur
2087 1770 2108 1802 ,
2142 1722 2338 1788 time-

176 1833 252 1880 re
274 1862 297 1897 ,
318 1838 324 1845 ·
343 1834 423 1881 an
460 1806 828 1909 propulsare
861 1807 1095 1879 fortius
1115 1809 1191 1881 fit
1216 1842 1238 1894 3
1285 1808 1600 1906 &justius
1622 1809 1933 1887 insumere
1961 1813 2196 1883 civium
2216 1815 2339 1884 tri-

170 1901 336 1976 buta
364 1958 384 1991 ‚
423 1929 505 1976 an
521 1929 604 1976 ex
625 1903 808 1975 hoste
825 1903 1130 2001 praedam.
1202 1905 1598 1975 Societatem
1621 1904 1744 1974 tibi
1766 1902 2048 1974 nostram
2072 1958 2093 1989 ‚
2135 1907 2339 2003 Regi-

162 2014 264 2068 ‘na
285 2051 306 2085 ,
322 1996 867 2093 nonjafflbimus
891 1996 1251 2083 ,immenfis
1278 1998 1449 2070 ultro
1471 1995 1807 2069 beneficiis
1836 1997 2158 2095 obligati,
2193 2023 2340 2096 quae

176 2115 265 2162 ne
303 2113 614 2188 pereant,
663 2111 772 2163 tua
806 2086 982 2162 forte
1001 2092 1367 2180 nonnihil,⁴
1394 2090 1609 2165 nostra
1625 2110 1839 2163 autern
1866 2146 1887 2179 ,
1920 2095 2048 2189 qui
2071 2099 2234 2190 grati
2261 2100 2340 2166 δε
2435 2130 2448 2151 =

174 2183 307 2257 effi:
347 2182 421 2255 '&
457 2186 677 2259 haberi
715 2185 1057 2274 volumus,
1101 2183 1508 2283 summopere
1537 2184 1822 2259 interest.
1891 2186 1998 2256 Ad
2018 2186 2340 2284 eafiquid

174 2278 443 2354 viciffim
480 2280 749 2353 fecimus
776 2334 796 2367 ,
846 2280 1029 2378 quod
1056 2334 1079 2367 ,
1122 2304 1272 2352 cum
1313 2304 1429 2380 per
1466 2303 1667 2353 onera
1748 2275 2026 2360 raesentia
2063 2284 2337 2385 amplius

177 2398 319 2446 non
355 2374 619 2462 liceret,
654 2379 851 2446 animi
875 2376 1344 2471 promritudine
1368 2399 1669 2447 commen
1717 2393 1935 2448 aretur
1956 2430 1977 2463 ,
2016 2378 2081 2450 id
2105 2398 2171 2449 te
2195 2404 2337 2453 me·

177 2466 427 2541 miniffe
442 2526 464 2554 ,
483 2493 677 2565 quam
696 2492 817 2541 nos
838 2470 1092 2559 dicerc3
1116 2471 1209 2542 est
1228 2474 1495 2566 aequius.
1565 2470 1730 2544 mud
1751 2471 2017 2568 quidem
2031 2495 2337 2572 comper·

174 2562 478 2635 tiffimum
506 2618 525 2650 ,
547 2565 822 2661 majores
842 2568 1036 2635 etiam
1061 2581 1209 2636 tuos
1231 2564 1315 2636 de
1326 2565 1614 2663 Belgicis
1635 2565 2037 2651 nationibus,
2063 2569 2157 2638 ob
2181 2593 2334 2640 mo-

172 2682 281 2730 res
299 2663 373 2728 ac'
397 2655 581 2729 fiturn
602 2715 625 2743 ‚
672 2663 763 2729 ita
784 2655 1110 2730 aestimasse
1129 2712 1151 2745 ,
1200 2666 1541 2731 ut‘nmicos
1570 2681 1681 2731 aut
1702 2658 1915 2732 hostes
1937 2683 2244 2756 magnum
2262 2667 2331 2734 in

172 2759 278 2825 ‘res
311 2751 450 2824 suas
481 2772 890 2824 momentum
925 2753 1311 2847 judic-arent.
1377 2752 1508 2826 Sed
1530 2777 1612 2825 ex
1628 2776 1766 2851 quo
1787 2774 1859 2824 tu
1880 2756 2196 2844 majorum
2218 2754 2331 2827 de-

173 2853 331 2920 cora
358 2901 380 2936 ,
427 2867 739 2943 quantum
778 2847 917 2916 aliis
953 2846 1295 2918 virtutibus
1320 2901 1341 2932 ‚
1388 2867 1646 2918 mutum
1684 2847 2042 2919 miserando
2063 2872 2140 2919 ac
2161 2850 2331 2921 bene

173 2939 488 3015 merendo
511 2939 810 3038 superasti
836 2993 857 3026 ,
894 2938 1111 3011 multae
1129 2940 1324 3015 Gallo
1351 2993 1370 3025 ,
1411 2942 1628 3012 multae
1650 2940 1845 3013 nobis
1861 2942 2150 3014 vidioriae
2168 2996 2187 3028 ,
2209 2965 2332 3014 nec

100 3070 111 3079 ·
174 3041 383 3107 minus
428 3033 693 3109 illustres
727 3033 849 3105 tibi
887 3038 1141 3131 tuisque
1180 3038 1620 3130 contigerunt.
1694 3037 1981 3107 Ventura
2019 3036 2155 3106 sors
2193 3041 2331 3109 Dei

174 3127 489 3202 bellorum
528 3130 820 3227 potentis
844 3130 910 3198 in
947 3153 1140 3200 manu
1171 3128 1263 3201 est
1287 3182 1309 3217 ‚
1350 3151 1545 3224 quem
1576 3132 1769 3201 etiam
1787 3150 2017 3201 contra
2039 3128 2175 3226 spes
2203 3131 2327 3203 hu-

173 3247 390 3297 manas
427 3222 773 3296 secundum
811 3221 1024 3293 adhuc
1050 3229 1453 3319 experimur.
1521 3224 1614 3295 At
1645 3244 1960 3319 quatenus
1993 3221 2191 3294 futuri
2219 3228 2331 3318 ju-

174 3318 411 3391 dicium
441 3315 710 3414 sapienti
743 3314 1111 3387 concessum
1132 3316 1224 3387 est
1243 3371 1264 3401 ‚
1313 3317 1543 3388 cunda
1565 3341 1716 3414 quae
1736 3321 1802 3388 in
1821 3317 1996 3390 bello
2019 3316 2328 3390 fiduciam
2511 3393 2524 3400 ,

171 3412 401 3485 indunt
421 3465 445 3498 ,
479 3418 652 3485 cives
675 3468 699 3497 ,
725 3414 1011 3509 pecuniae
1034 3465 1054 3497 ,
1086 3411 1218 3484 loci
1243 3466 1264 3497 ‚
1285 3415 1490 3484 virtus
1513 3411 1679 3484 clara
1700 3415 2141 3510 Imperatoris,
2165 3413 2326 3487 nihil
2415 3443 2419 3447 *

148 3511 506 3580 ,imminuta
538 3507 712 3603 apud
736 3529 858 3576 nos
875 3501 1209 3603 augescere
1229 3512 1423 3578 etiem
1447 3504 1708 3604 possunt
1748 3529 1769 3576 :
1827 3503 2027 3577 hostis
2051 3561 2072 3594 ,
2108 3508 2220 3581 nifi
2237 3531 2344 3584 exw

174 3600 384 3673 nostra
419 3597 790 3673 disceffione
815 3652 834 3684 ,
880 3596 1053 3670 unde
1089 3597 1327 3671 crescat
1365 3625 1502 3672 non
1539 3600 1733 3673 habet
1774 3626 1795 3671 ε
1848 3604 1924 3671 δε
1957 3622 2095 3697 quo
2132 3604 2324 3676 latius

178 3715 394 3789 regnat
418 3749 439 3782 ,
485 3718 569 3766 eo
602 3694 967 3791 expeditius
1004 3697 1073 3763 in
1092 3689 1348 3792 ‘magno
1369 3718 1446 3768 ac
1467 3700 1779 3794 praegravi
1810 3700 2086 3793 imperio
2106 3722 2193 3796 po
2286 3736 2325 3756 -·

179 3785 274 3861 lus
291 3788 513 3884 aliquts
525 3791 755 3887 jugum
786 3790 1033 3861 exuerit
1075 3810 1094 3855 t
1194 3811 1282 3860 uo
1313 3786 1459 3865 casu
1479 3790 1523 3863 fi
1546 3792 1810 3886 quando
1828 3792 1933 3864 ille
1960 3724 2321 3893 occupazi·

176 3900 280 3952 tur
302 3934 321 3966 ,
370 3901 697 3978 promtum
728 3887 854 3955 erit
878 3882 1017 3953 aliis
1039 3887 1176 3981 regi
1224 3908 1297 3954 us
1315 3876 1703 3957 constituere
1725 3939 1748 3974 Ι,
1796 3908 1992 3979 quem
2012 3891 2077 3959 in
2099 3889 2321 3984 poste·

172 3999 312 4048 rum
345 3972 472 4049 esse
510 3978 778 4049 modum
824 3975 945 4048 suae
981 3975 1332 4050 securitatis
1370 3979 1592 4053 velint.
1662 3980 1879 4073 Qod
1917 4000 2130 4052 autem
2151 4005 2324 4051 con-

170 4089 266 4148 tra
304 4071 437 4146 dici
468 4087 580 4144 aut
612 4075 890 4171 cogitari
925 4066 1088 4145 solet
1106 4123 1131 4164 ‚
1177 4096 1314 4147 non
1345 4073 1583 4150 debere
1616 4069 1680 4145 se
1712 4096 2079 4171 quenquam
2095 4073 2319 4245 αἰίοιὶρ

180 4193 223 4216 ··
290 4213 302 4221 -
600 4211 610 4220 -
2113 4187 2231 4237 cau
2258 4190 2314 4242 ω
