2900 4628
693 258 832 344 3¹4
1138 210 1797 317 n'vootsxts
1913 243 2432 315 σιιοτιι

399 348 624 444 159&
682 354 939 462 &own
975 348 1146 421 nulla
1181 354 1495 420 memoria
1519 402 1540 436 ,
1589 372 1760 446 quos
1801 349 1916 421 etsi
1951 354 2204 423 noveris
2232 403 2253 436 ,
2297 348 2580 423 laudandi
2597 350 2780 425 lotum

352 474 359 477 ·
679 442 1020 519 ambitiose
1038 443 1320 542 quaefissk
1338 443 1609 517 videaris
1633 495 1653 530 ‚
1696 466 1815 514 nec
1833 444 2110 540 plurium
2140 450 2306 518 vires
2323 443 2618 531 offensas,
2659 452 2783 541 qui-

685 541 810 613 bus
846 539 1049 609 aliena
1071 538 1278 636 gloria
1312 562 1435 635 pro
1453 537 1955 633 exprobratione
2001 543 2265 637 ignaviae
2309 537 2419 610 est.
2501 540 2636 634 Qi
2672 544 2783 611 An-

678 636 876 730 gliam
915 636 1119 704 ierant
1156 634 1348 730 legati
1385 632 1605 703 multis
1647 636 2040 729 argumentis
2083 635 2404 729 Reginam
2449 657 2484 704 a
2521 631 2783 731 pacifica·

670 736 857 798 tione
875 726 1283 798 deterrebant
1307 779 1328 810 ,
1356 731 1554 796 etiam
1577 728 1907 797 hortantes
1928 780 1950 812 ,
1984 748 2056 797 ιιι
2073 779 2093 814 ,
2132 726 2318 824 quod
2336 727 2416 799 de
2432 726 2661 797 auxiliis
2679 750 2781 824 po-

670 820 964 893 stulatum
1000 818 1180 909 erait,
1235 817 1428 893 Gallo
1483 818 1728 916 aliquid
1780 819 2250 918 gratificaretur
2282 873 2307 907 ‚
2367 819 2678 917 ipsumque
2699 820 2783 892 sua

665 913 898 1012 sponte
935 918 1285 985 animatum
1333 935 1448 1007 per
1490 912 1740 1011 legatos
1777 914 1942 984 ultra
1982 912 2381 1013 impelleret,
2428 936 2654 987 veteres
2687 938 2783 986 no-

668 1032 907 1106 vasque
926 1010 1181 1099 injurias
1213 1006 1390 1079 bello
1424 1030 1714 1102 reparare
1737 1012 1958 1102 potius
1980 1062 1999 1095 ‚
2034 1032 2230 1104 quarn
2256 1012 2529 1082 internas
2568 1010 2781 1079 discor·

670 1102 810 1174 dias
849 1107 915 1173 in
931 1123 1190 1200 gentem
1235 1105 1588 1197 inquietem
1609 1102 1948 1174 accersere.
2014 1103 2352 1199 flexoque
2380 1127 2546 1200 genu
2565 1106 2623 1173 in
2660 1126 2781 1173 mo·

671 1221 810 1267 rem
855 1198 992 1290 ejus
1039 1200 1231 1292 regiae
1254 1249 1278 1281 ‚
1321 1218 1471 1265 cum
1512 1201 1808 1360 ¹priorum
1845 1201 2079 1293 gratias
2117 1195 2463 1268 liberaliter
2508 1192 2775 1295 egiffent:

387 1296 605 1361 Bmw:
679 1291 918 1361 Cuncti
950 1344 970 1376 ,
993 1288 1242 1362 addunt
1262 1345 1284 1374 ,
1307 1293 1419 1385 qui
1436 1291 1509 1382 ju
1566 1295 1615 1358 is
1632 1313 1711 1360 ex
1728 1297 1919 1360 armis
1939 1292 2020 1361 ad
2041 1316 2265 1386 pacem
2287 1312 2591 1362 vocantur
2611 1345 2628 1375 ‚
2643 1313 2778 1360 con·

339 1360 560 1507 2¹2?ss
676 1383 944 1457 fiderare
962 1384 1205 1455 debent
1236 1436 1256 1469 ‚
1294 1406 1527 1456 verane
1540 1407 1615 1453 ac
1636 1382 1834 1454 solida
1857 1406 1978 1481 pax
2004 1437 2025 1471 ‚
2046 1409 2193 1480 quae
2214 1382 2528 1471 offertur,
2557 1378 2645 1455 'an
2664 1380 2777 1455 sub-

345 1503 492 1564 sta„
503 1517 589 1577 pn
677 1478 829 1550 dola
884 1498 1081 1573 atque
1114 1481 1353 1549 incerta
1379 1530 1399 1562 ‚
1449 1476 1820 1573 bellumque
1867 1500 2093 1551 contra
2138 1480 2291 1575 ipfis
2325 1475 2771 1551 formidolofiun

346 1574 613 1660 bellifmi.
677 1594 787 1643 aut
807 1595 1041 1670 anceps
1063 1624 1086 1657 ,
1130 1596 1210 1643 an
1236 1593 1393 1668 pace
1429 1569 1705 1642 securius
1739 1556 1837 1641 fit.
1890 1574 2072 1642 Nam
2089 1578 2214 1644 otii
2238 1573 2411 1646 bona
2446 1572 2655 1645 frustra
2670 1569 2770 1641 dis·

341 1663 569 1735 W
675 1667 1007 1751 seruntur,
1060 1666 1169 1737 ubi
1191 1666 1510 1762 quiescere
1529 1685 1671 1735 tuto
1690 1687 1825 1735 non
1845 1663 2028 1736 licet.
2087 1670 2235 1755 Te,
2279 1671 2565 1766 Regina,
2593 1665 2663 1737 ad
2673 1687 2769 1761 pa·

342 1735 517 1780 mm'
672 1785 817 1833 cem
858 1758 1198 1831 sollicitare
1237 1757 1472 1831 dicitur
1513 1758 1644 1830 His
1677 1783 1877 1846 anus3
1925 1761 2106 1855 cujus
2144 1786 2272 1834 nos
2294 1761 2615 1861 perfidiam
2643 1779 2763 1830 cum

672 1858 1073 1926 immanitate
1107 1853 1520 1948 conjunctam
1546 1907 1566 1940 ‚
1619 1784 1693 1923 gc
1714 1858 1778 1925 in
1808 1853 2036 1925 cuneta
2061 1853 2446 1928 dominandi
2479 1853 2761 1927 libidinem

662 1946 958 2022 accusare
994 1946 1150 2020 nihil
1186 1944 1429 2019 necesse
1482 1947 1576 2020 est
1618 2002 1639 2035 ,
1704 1971 1853 2018 cum
1890 1947 2080 2047 ipfius
2117 1974 2225 2021 ma
2276 1949 2426 2021 istri·
2662 1943 2761 2015 do-

661 2065 892 2131 ceant,
942 2045 1272 2140 religionis
1314 2040 1727 2114 discordibus
1764 2066 1882 2114 nec
1920 2041 2124 2115 fidem
2159 1974 2428 2130 degneri,
2475 2066 2583 2114 nec
2612 2042 2761 2136 quic·

657 2161 857 2234 quam
883 2136 1079 2213 divini
1104 2137 1702 2235 humaniqucjuris3
1738 2138 1846 2210 alii
1870 2160 1988 2208 nec
2009 2141 2137 2210 boc
2158 2136 2540 2211 diffimulent
2560 2189 2577 2223 ,
2607 2131 2756 2205 ordi·

654 2257 804 2304 nem
847 2231 1127 2303 fatorum
1150 2232 1737 2326 Occidentirerum
1777 2230 2081 2302 summam
2119 2233 2550 2330 portendere,
2591 2233 2654 2299 δι
2685 2244 2752 2294 ex

652 2327 763 2398 usu
785 2323 911 2399 esse
951 2325 1296 2410 Christiani
1336 2324 1546 2400 Orbis
1571 2381 1591 2413 ‚
1641 2348 1713 2397 ut
1750 2327 1995 2399 nullum
2028 2351 2310 2424 usquam
2346 2329 2629 2400 terrarum
2655 2316 2750 2392 nili

653 2420 1011 2517 Hispanum
1048 2424 1136 2489 im
1225 2425 1387 2491 rium
1421 2422 1517 2493 fit.
1593 2420 1813 2514 Qod
1842 2420 1885 2492 fi
1916 2420 2074 2500 aliis,
2138 2423 2490 2521 rincipibirs
2522 2420 2752 2492 demon·

574 2587 579 2591 ,
648 2514 899 2585 stranda
919 2513 995 2586 fi}
1020 2515 1124 2584 Au
1180 2517 1364 2584 riacae
1400 2514 1659 2586 familiae
1698 2522 2022 2611 impotens
2089 2519 2405 2612 uperbia',
2448 2509 2749 2612 quaeiuum

646 2610 954 2705 gentilem
995 2605 1111 2698 fibi
1131 2607 1433 2704 angulum
1469 2632 1620 2679 cum
1655 2609 2213 2684 ultimis'Gadibus
2265 2635 2380 2710 per
2410 2615 2626 2683 incerta
2641 2601 2750 2674 foe·

645 2705 802 2774 deta
835 2707 899 2774 in
934 2703 1064 2774 hoc
1097 2701 1481 2798 jamdudum
1526 2704 1911 2791 continuat,
1974 2723 2044 2775 ut
2070 2758 2091 2792 ,
2211 2729 2473 2780 uantum
2511 2705 2665 2773 Euro

647 2818 796 2868 utru
917 2821 994 2867 ue
1014 2799 1183 2867 intra
1204 2797 1400 2867 finem
1414 2797 1634 2891 jacet,
1661 2799 1768 2885 id,
1808 2818 2123 2896 quatenus
2171 2825 2328 2872 uum
2349 2795 2663 2873 nondume
2722 2839 2743 2875 ‚

643 2914 769 2988 pro
802 2819 1013 2962 Qui
1051 2890 1324 2976 habeat,
1372 2894 1691 2964 tibicerte
1728 2895 1910 2989 quaei
1961 2889 2019 2964 sa
2053 2891 2224 2990 passa
2250 2949 2273 2982 ,
2371 2912 2579 2989 uaeque
2609 2885 2747 2984 peri-

641 2986 940 3056 clitataes
964 3037 987 3070 ,
1026 2984 1187 3055 nihil
1207 2986 1437 3056 attinet
1455 3007 1837 3059 memorare.
1910 2917 2090 3059 stam
2117 3041 2136 3073 ,
2175 3013 2297 3086 per
2359 3007 2498 3060 eum
2516 2985 2745 3057 immor-

640 3081 836 3153 talem
863 3131 882 3163 ,
929 3082 1042 3175 qui
1079 3102 1214 3149 non
1248 3075 1437 3150 semel
1476 3079 1604 3151 hoc
1638 3104 1909 3178 regnum
1943 3080 2234 3156 claffibus
2277 3083 2495 3182 petivit
2522 3132 2542 3165 ,
2583 3073 2743 3171 hujus

636 3176 891 3271 imperii
933 3172 1218 3270 populos
1257 3176 1327 3244 in
1364 3170 1791 3246 rebellionem
1836 3179 2105 3248 armavit
2129 3229 2150 3263 ,
2199 3175 2296 3250 fas
2331 3197 2534 3248 autem
2573 3183 2742 3240 omne

636 3289 930 3375 eousque
952 3266 1291 3339 contemfit
1315 3321 1336 3352 ‚
1384 3271 1542 3338 utin
1583 3289 1767 3340 tuum
1784 3267 2024 3340 sacrum
2048 3283 2240 3365 caput
2261 3264 2637 3370 percussores
2673 3261 2737 3327 δῦ

636 3365 967 3435 veneficos
1014 3365 1388 3432 immitteret
1425 3414 1447 3449 ,
1515 3365 1570 3433 is
1612 3385 1752 3458 quo
1799 3386 1969 3434 nunc
2028 3363 2104 3436 fit
2147 3371 2370 3437 animo
2412 3358 2736 3434 dubitarim

633 3462 830 3527 etiam
870 3454 1125 3551 potest?
1172 3459 1447 3526 Manent
1500 3476 1746 3529 veteres
1781 3455 2024 3542 causae;
2074 3480 2287 3557 neque
2324 3456 2491 3531 tude
2530 3456 2734 3551 pietate

630 3555 979 3646 quicquam
1008 3604 1028 3637 ,
1079 3573 1288 3645 neque
1336 3548 1440 3622 ille
1492 3549 1575 3621 de
1617 3555 1875 3621 avaritia
1919 3559 2214 3626 mutavit.
2280 3551 2410 3626 Hic
2452 3548 2564 3622 tibi
2593 3537 2730 3639 justi

632 3649 870 3739 piaque
891 3663 1109 3713 mente
1147 3667 1393 3739 aequam
1412 3667 1634 3742 pacem
1656 3668 1943 3740 quaerere
1960 3647 2211 3719 videtur
2229 3707 2246 3732 ,
2291 3674 2371 3719 an
2390 3667 2457 3716 ιιι
2476 3639 2689 3715 bellum
2704 3681 2726 3718 α

629 3738 814 3831 quod
830 3760 999 3808 nunc
1017 3741 1143 3806 tuis
1167 3742 1453 3832 geritur,
1499 3738 1619 3810 suis
1637 3739 2084 3813 occasionibus
2122 3749 2347 3842 gerat?
2371 3735 2728 3832 ·111eig'itur‚

630 3849 703 3900 ut
746 3835 858 3925 qui
888 3833 1108 3902 animo
1150 3827 1555 3928 praesumtum
1592 3833 1819 3906 habeat
1838 3831 2022 3934 super
2056 3861 2158 3910 res
2201 3834 2521 3936 praesentes
2550 3825 2724 3917 majus

629 3924 878 4020 semper
912 3924 1083 3997 aliud
1103 3925 1472 4089 agitandum
1494 3982 1514 4015 ,
1561 3930 1974 4027 temporibus
2010 3931 2404 4008 infidiabitur
2442 3952 2461 3997 τ
2505 3943 2614 3995 nos
2631 3937 2722 3987 ω’

627 4042 759 4090 tem
797 4038 981 4089 tanto
1015 4022 1079 4088 in
1168 4016 1484 4121 iscrimine
1518 4021 1773 4095 ibcordi
1808 4029 1955 4094 otio
2000 4024 2452 4109 inescabimur‚
2498 4038 2562 4089 ut
2592 4027 2716 4082 cum

625 4139 760 4192 non
777 4112 1080 4214 poffimus
1101 4116 1370 4189 univerfi
1391 4169 1414 4206 ‚
1462 4116 1750 4192 resoluto
1773 4172 1798 4209 ,
1841 4118 2026 4217 quod
2043 4122 2155 4197 ille
2176 4125 2360 4193 unice
2375 4101 2714 4279 οριειᾶεἷέζ
