2900 4628
353 183 1167 276 H183T>0R1A=R
1209 205 1267 276 v
1312 208 1392 276 M
1477 207 1534 275 L
1576 206 1725 279 ιιι.
1804 206 1983 278 xii.
2146 225 2277 303 433

121 312 464 390 ‘Francisto
486 315 714 388 Galliae
734 337 961 412 regum
982 314 1284 389 fratribus
1308 340 1339 386 ε·
1376 331 1414 388 a
1434 317 1693 416 regibus
1763 341 1985 418 uoque'
2000 376 2020 406 ,
2044 320 2284 420 Hispa·
2348 329 2550 423 1603.

124 416 243 484 niae
262 411 609 506 Philippo,
645 411 841 480 Erico
881 413 1126 481 Sueciae
1167 433 1186 478 ε
1225 410 1409 506 quod
1432 418 1634 509 petita
1754 435 1864 501 et,
1907 413 2231 488 felicitatis
2254 440 2281 488 :-

171 503 478 575 rudentiae
501 557 520 588 ‚
564 504 747 599 quod
768 501 1098 576 recusaffet
1120 558 1140 589 ,
1175 507 1327 599 quia
1349 509 1424 576 δι
1442 510 1569 578 civi
1588 509 1826 579 nubere
1848 509 2283 608 magnitudini

150 600 244 668 'uae
260 603 464 695 impar
487 651 510 682 ‚
554 601 628 666 δε
648 618 953 694 externos
975 602 1240 669 maritos
1263 598 1500 696 Anglia
1537 600 1950 675 formidabat.
2004 603 2283 690 Probra,

87 738 94 745 -
119 705 267 789 quae
285 697 351 764 in
369 688 564 785 ipsam
584 689 782 786 sparsa
802 711 1023 762 ortum
1039 715 1122 763 ex
1139 688 1290 762 'stxu
1310 697 1384 763 δι
1402 691 1634 766 {brmae
1652 694 1993 793 elegantia,
2024 701 2099 767 δε
2115 693 2287 770 sueta

119 787 538 883 regnantibus
559 786 860 872 licentia,
883 784 1273 874 sumsiss'ent‚
1313 787 1601 859 virilibus
1627 794 1803 861 curis
1840 790 2040 862 refelli
2082 815 2110 861 -:
2161 814 2286 863 nec

117 901 370 950 tantum
389 883 639 975 imperii
659 900 827 951 artes
854 932 876 965 ‚
924 874 1031 952 sed
1055 885 1128 949 δε
1151 878 1512 980 linguarum
1558 897 1844 955 veterum
1880 908 1957 954 ac
1975 909 2284 957 novarum
2362 941 2365 946 -

118 970 387 1045 adfuisse
450 975 701 1044 critiam
723 1026 743 1059 ,
772 996 913 1046 rara
928 978 1121 1044 etiam
1141 976 1397 1070 privatis
1414 975 1790 1048 mulieribus
1808 976 2085 1049 decora:
2112 979 2286 1052 unde
2350 1051 2353 1056 s

118 1072 349 1165 ingens
368 1070 410 1138 il
439 1071 456 1137 i
476 1091 717 1142 nomen
740 1121 762 1154 ‚
799 1092 919 1140 uec
938 1069 1159 1140 vicinis
1180 1085 1430 1141 tantum
1452 1075 1651 1142 metui
1671 1092 1780 1141 aut
1800 1072 2110 1143 miraculo
2130 1125 2151 1158 ,
2173 1069 2280 1146 sed

115 1186 157 1234 u
174 1165 423 1233 Mauris
444 1183 650 1256 usque
673 1164 748 1231 &
766 1163 1158 1236 sauromatis
1179 1187 1295 1261 per
1312 1165 1560 1257 legatos
1580 1161 1860 1240 salutata.
1912 1167 2277 1238 Dubitave-

113 1277 216 1329 rat
233 1256 538 1328 haetenus
558 1278 778 1343 nemo,
795 1260 951 1351 quin
975 1278 1252 1330 mortem
1271 1261 1545 1356 Reginae
1567 1311 1590 1345 ,
1607 1281 1751 1354 quae
1768 1278 2015 1331 certum
2036 1251 2276 1332 succ‘eff-

118 1350 327 1423 sorem
340 1371 671 1446 nunquam
683 1348 801 1422 fibi
822 1349 1240 1426 destinaverat
1263 1404 1286 1438 ,
1324 1356 1621 1464 ingentes
1657 1374 1772 1450 per
1804 1350 2278 1448 Angliammo-

119 1465 223 1518 tus
241 1448 611 1541 exciperent
645 1466 668 1511 ε
713 1447 874 1541 qnip
997 1447 1238 1518 Scotiae
1277 1465 1417 1541 regi
1441 1446 1692 1519 Iacobo
1710 1466 1782 1518 ut
1800 1446 2106 1545 sanguine
2126 1471 2282 1544 pro·

113 1543 688 1625 xim01‚itafvetera
703 1561 866 1609 acco
929 1579 930 1582 π
1006 1562 1070 1608 m
1085 1539 1243 1611 odia
1268 1593 1289 1627 ‚
1311 1543 1595 1646 privatus
1660 1563 1878 1637 noque
1891 1565 2120 1612 eorum
2143 1565 2280 1614 me-

114 1655 223 1707 tus
244 1685 266 1721 ,
309 1637 424 1729 qui
449 1635 761 1712 matri-sin
777 1630 1025 1703 caedem
1061 1631 1510 1707 consenterant
1534 1688 1555 1720 ,
1592 1659 1639 1706 o
1689 1634 1908 1708 stitura
1930 1635 2282 1708 credeban-

111 1749 225 1802 tur
248 1782 272 1819 ,
312 1731 548 1824 paratis
569 1730 637 1797 in
657 1726 893 1823 Anglia
905 1731 1023 1822 qui
1057 1731 1308 1835 regium
1347 1733 1421 1798 &
1441 1729 1559 1827 ipfi
1600 1752 1802 1827 genus
1836 1729 2228 1804 ostentarent
2252 1749 2278 1799 x

111 1844 260 1898 tum
280 1845 439 1894 vero
461 1825 538 1891 δε
570 1822 1080 1895 Romanenfium
1100 1845 1195 1893 vis
1214 1807 1560 1898 timeffitur
1581 1876 1606 1906 ,
1641 1846 1726 1894 ne
1746 1875 1769 1909 ,
1788 1823 1972 1918 quod
1988 1822 2085 1894 ob
2100 1823 2287 1898 adul·-

110 1938 257 1991 tam
279 1917 553 2012 Reginae
573 1918 935 2009 potentiam
950 1912 1078 1986 aufi
1112 1938 1251 1987 nou
1268 1912 1520 1989 fuerant
1542 1969 1565 2003 ‚
1611 1939 1728 2012 per
1762 1913 1983 1987 turbas
2031 1913 2284 1988 facilius

108 2008 444 2108 sperarent
470 2021 489 2077 ε·
513 2008 849 2105 instigante
860 2011 1057 2079 etiam
1084 2007 1454 2096 Pontifiee,
1498 2015 1613 2107 qui
1645 2029 1931 2081 vetuerat
1949 2011 2168 2083 alienae
2186 2031 2288 2081 re-

106 2108 171 2179 li
220 2107 389 2180 ionis
430 2125 652 2200 regem
675 2154 697 2187 ,
744 2105 1154 2196 quantumvis
1191 2101 1494 2200 sanguine
1533 2106 1905 2201 proximum
1932 2156 1953 2191 ,
1998 2102 2287 2178 admitti.

108 2129 279 2274 15oe
300 2216 555 2270 tantum
597 2192 893 2292 Hispano
927 2200 1000 2267 in
1016 2217 1244 2275 omnes
1266 2196 1660 2292 populorum
1701 2218 1918 2269 motus
1939 2203 2290 2274 intento‘ea

103 2292 290 2393 spes,
313 2288 421 2364 {ed
447 2297 524 2362 δε
540 2293 760 2363 Batavi
788 2344 809 2376 ,
827 2313 1196 2388 quanquam
1219 2291 1529 2365 Iacobum
1550 2347 1573 2380 ‚
1613 2292 1798 2390 ssiper
1814 2289 2150 2391 religionis
2173 2314 2291 2366 ne·
2396 2291 2399 2296 ’

106 2413 303 2475 xum,
322 2388 554 2459 officiis
567 2388 703 2480 jam
724 2408 873 2456 ante
894 2398 1371 2483 occupaverant
1396 2444 1417 2477 ,
1438 2384 1611 2460 suam
1635 2388 1751 2485 ipfi
1771 2386 2145 2460 societatem
2164 2391 2294 2461 irn-

111 2502 351 2582 putare
368 2534 390 2566 ‚
435 2485 508 2550 δε
531 2479 683 2552 belli
707 2500 956 2575 partem
994 2484 1061 2551 in
1101 2483 1493 2554 Britanniam
1518 2483 1862 2555 transferre
1882 2483 2094 2553 tacitis
2114 2484 2287 2554 votis

108 2578 594 2649 ominabantur.
639 2571 971 2671 Insperato
991 2579 1205 2647 evenit
1229 2628 1250 2662 ‚
1283 2596 1354 2646 ut
1374 2575 1582 2648 statim
1619 2577 1766 2673 post
1782 2575 2152 2649 Elisabethae
2171 2597 2292 2645 ex·

111 2671 362 2745 ceffum
388 2722 410 2756 ,
440 2692 621 2742 vetus
640 2670 913 2766 Reginae
929 2660 1290 2756 confilium,
1319 2674 1393 2741 δε
1415 2671 1601 2769 quod
1623 2670 1979 2743 antistitum
1999 2674 2073 2740 &
2097 2671 2288 2741 Lon·

114 2766 262 2839 dini
289 2764 782 2862 magistratuum
819 2763 1268 2861 nobiliumque
1304 2769 1371 2836 in
1405 2784 1670 2862 promtu
1708 2780 1888 2851 erat,
1938 2785 2162 2861 regem
2184 2767 2292 2835 Ia·

117 2862 371 2935 cobum
407 2857 736 2931 edicerent
757 2911 780 2945 ,
825 2881 963 2929 non
994 2857 1352 2954 exsperstata
1375 2860 1629 2957 ⁴publici
1667 2878 2023 2945 conventus
2057 2856 2290 2927 ειηᾶο-
2311 2891 2334 2909 =

119 2962 314 3029 ritate
336 3008 356 3041 ,
374 2954 469 3024 ob
488 2975 690 3024 morae
709 2955 1088 3049 periculum,
1114 2957 1186 3021 &
1209 2956 1362 3049 q'uia
1381 2954 2146 3061 plerumque-interregna
2170 2972 2291 3046 per

122 3074 327 3125 novas
346 3050 521 3147 leges
545 3052 620 3116 &
642 3046 973 3144 paffiones
994 3051 1124 3119 vim
1158 3050 1412 3144 imperii
1428 3050 1497 3117 in
1518 3045 1844 3143 posterum
1863 3044 2280 3117 imminuunt.

123 3151 231 3219 Ita
255 3195 277 3228 ,
318 3162 715 3240 repugnante
753 3144 1008 3215 nemine
1028 3193 1051 3225 ‚
1098 3141 1337 3213 Scotiae
1371 3164 1486 3212 rex
1536 3141 1792 3239 Anglia
1833 3136 2280 3238 pofleffionem
2348 3133 2499 3225 880²}ae
2521 3153 2608 3200 me
2723 3146 2730 3152 ’

123 3242 279 3312 iniit
300 3289 321 3321 ,
359 3240 602 3335 primus
653 3257 732 3304 ue
766 3238 930 3306 intra
963 3257 1233 3306 omnem
1266 3235 1591 3309 annalium
1627 3239 2009 3308 memoriam
2029 3236 2278 3304 Britan-
2296 3210 2604 3359 ss'jms‘

123 3338 257 3407 niae
274 3350 476 3401 totam
508 3326 638 3403 insu
662 3353 765 3398 am
789 3352 926 3397 uno
956 3332 1234 3426 imperio
1265 3330 1648 3426 complexus
1668 3328 1783 3402 est.
1834 3332 2006 3401 Non
2044 3325 2278 3399 omist-
2311 3354 2422 3413 init.

121 3451 200 3501 re
217 3426 522 3525 gratulari
541 3428 603 3494 ei
621 3424 786 3494 banc
806 3424 1313 3520 magnitudinem
1331 3422 1637 3496 foederati
1677 3424 1965 3497 Ordines
1988 3477 2008 3508 ‚
2094 3442 2163 3494 er
2181 3421 2283 3492 lit-

119 3544 296 3595 teras
319 3522 623 3617 primum,
641 3518 791 3590 inde
813 3541 928 3617 per
944 3517 1219 3615 legatos.
1265 3522 1354 3592 Hi
1373 3519 1548 3593 fuere
1570 3520 1988 3592 HenricusN
2077 3521 2279 3604 avius,
2320 3518 2613 3607 ¹li'auiemma·

121 3612 638 3689 Mauritiifiater
662 3668 684 3701 ,
719 3631 864 3711 pars
897 3633 1035 3683 tum
1067 3612 1547 3686 Faederatorum
1581 3612 1835 3687 senatus
1880 3618 1956 3683 &
1989 3616 2279 3711 equitum
2313 3595 2587 3727 {ffssffm

118 3709 428 3808 magister
448 3761 469 3793 ,
491 3752 492 3757 κ
513 3710 865 3781 Walravius
884 3707 1318 3782 Brederodius
1339 3763 1360 3796 ,
1401 3710 1722 3783 Iohannes
1738 3706 2288 3781 Oldenbarnevel-
2316 3684 2572 3801 μήν’*

115 3803 272 3875 dius
296 3807 375 3874 δε
395 3803 671 3876 Iacobus
695 3805 962 3883 Valkius
991 3814 992 3817 ’
1029 3805 1239 3900 quiin
1260 3802 1674 3900 ealegatione
1696 3804 1868 3876 diem
1887 3798 2065 3874 fixum
2083 3802 2283 3875 obiit.

111 3902 367 3971 Locuti
382 3896 614 3970 suntin
636 3899 807 3971 hunc
827 3922 941 3969 mo
991 3920 1101 3971 um
1127 3894 1492 3969 2-Adsumtis
1520 3951 1543 3984 ,
1581 3900 1733 3969 Rex
1750 3896 2026 3971 maxime
2051 3950 2073 3983 ‚
2095 3897 2294 3968 medii

111 3998 294 4066 inter
314 3993 664 4065 ludium&
762 3993 1031 4077 udium3
1072 3991 1393 4066 amisimus
1412 4001 1554 4063 eam
1576 3991 1857 4077 (cilicet,
1899 3994 2081 4088 cujus
2097 3993 2298 4064 bene-

111 4086 278 4171 ficia
292 4110 416 4162 nec
433 4086 636 4184 fando
746 4091 902 4185 equi⁴
917 4080 1448 4250 postumuszsssed
1476 4140 1497 4173 ,
1537 4086 1899 4184 recepimus
1918 4106 1984 4157 te
2006 4138 2030 4175 ,
2066 4103 2140 4154 ut
2162 4086 2303 4190 ejus

1415 4204 1456 4253 g
1576 4270 1581 4275 ἡ
1851 4210 1855 4216 -
2068 4198 2300 4277 regni,
