2900 4628
334 324 545 399 1600.

497 1055 504 1064 ,
598 978 1135 1066 bant‚bastatum
1154 1006 1318 1094 aggr
1409 983 1483 1054 us
1502 1006 1776 1082 agmen,

598 217 731 308 396
1011 196 1674 284 Hv'oonis
1792 145 2328 285 (ιιιότιι

596 323 681 393 Et
710 323 846 418 jam
889 341 1039 394 utro
1089 347 1172 396 ue
1213 326 1453 423 pariter
1487 325 1746 421 agmine
1765 323 2156 418 jaculatores
2189 318 2391 393 bostis
2429 314 2761 403 emistrat,

597 415 782 513 quod
814 415 925 487 ubi
963 421 1020 491 ν’
1053 442 1205 503 um,
1251 441 1291 489 e
1320 417 1528 491 Gallis
1566 416 1855 490 [imiliter
1889 421 2119 489 armati
2149 433 2434 513 quatuor
2453 417 2523 483 in
2544 437 2766 484 manus
2830 503 2833 511 A

594 513 619 582 1
669 530 980 607 arguatur
1003 565 1026 598 ‚
1072 533 1347 609 quarum
1385 533 1517 583 tres
1546 515 1614 583 in
1643 511 1867 586 laevam
1887 511 2168 587 hostium
2187 529 2435 619 partem
2454 513 2768 601 impetum

595 537 907 677 iiicerent.
973 608 1159 677 Nam
1192 603 1486 688 adversus
1506 605 1798 679 dextram
1817 632 1969 679 cum
1990 604 2244 679 dileflus
2259 601 2523 674 suorum
2539 601 2767 700 Verius

599 697 992 797 procefferat
1009 755 1032 788 ‚
1054 699 1319 772 testatus
1344 703 1721 799 Principem
1736 701 1842 775 illa
1862 701 1972 776 die
1991 720 2102 772 aut
2118 704 2271 775 vivo
2292 696 2434 781 fibi,
2456 715 2570 767 aut
2589 717 2767 765 mor-
2810 759 2817 776 .

597 813 749 958 ἔζεε
758 792 1406 962 ἕάῐῗιξίαέειιιιεὼίῑὲεᾞω
1417 792 2212 987 ulgsefrrffoegfiuffitibffist
2242 790 2769 984 {iginiuigotesssfgrss

1126 943 1149 977 2
2179 942 2201 975 2

1774 914 1934 1056 'guo
1952 987 2202 1081 accepit
2218 983 2474 1054 vulnera
2488 1033 2513 1063 ‚
2530 1000 2767 1075 equum

600 1074 888 1171 perdidit
929 1079 1007 1145 &
1047 1077 1156 1149 alii
1194 1076 1534 1176 impofitus
1562 1131 1584 1164 ,
1631 1102 1768 1151 non
1806 1100 1956 1151 ante
1992 1100 2189 1175 quam
2224 1073 2421 1145 frater
2456 1075 2767 1144 Horatius

601 1191 754 1239 cum
792 1171 1158 1242 recentibus
1199 1176 1416 1269 copiis
1449 1161 1857 1257 succederet,
1907 1171 2163 1244 reduxit
2198 1168 2499 1240 militem.
2567 1164 2767 1238 Simul

601 1260 884 1334 hostium
921 1285 1149 1335 turmae
1196 1265 1400 1359 (nam
1429 1265 1497 1337 id
1521 1265 1650 1336 illis
1664 1266 2001 1346 confilium
2025 1266 2316 1363 peditem
2334 1261 2450 1333 alis
2467 1259 2764 1356 firmare)

599 1360 833 1427 acriter
856 1361 924 1428 in
954 1356 1121 1429 latus
1150 1360 1416 1433 inveetae
1440 1382 1577 1431 non
1604 1362 1931 1432 modicam
1953 1359 2074 1432 stra
2243 1355 2532 1428 edidere.
2679 1376 2771 1424 uo

599 1449 779 1522 samito
823 1456 898 1520 &
933 1449 1197 1523 illorum
1229 1451 1565 1550 augescere
1603 1460 1858 1526 animos
1885 1506 1909 1541 ‚
1959 1460 2035 1526 δε
2153 1449 2504 1526 assavianos

602 1545 763 1615 &ari
800 1550 1086 1642 contigit
1127 1570 1147 1616 ε
1200 1552 1277 1618 &
1298 1548 1740 1622 vehementius
1758 1549 1939 1622 hoste
1954 1549 2199 1621 adorto
2226 1601 2248 1634 ,
2295 1549 2491 1642 ingen

600 1658 671 1708 te
707 1664 911 1736 pavor
943 1645 1018 1710 &
1054 1640 1209 1740 fuga
1252 1640 1604 1740 plerosque
1636 1643 1720 1715 ab
1758 1667 1844 1716 eo
1860 1643 2059 1716 latere
2075 1638 2418 1714 abstulerat
2455 1660 2491 1730 εὶ
2527 1641 2702 1708 tam'

602 1732 895 1808 consulta
913 1735 1326 1831 quorundam
1346 1738 1779 1834 trepidatione
1798 1792 1821 1827 ,
1857 1758 1930 1809 ut
1947 1742 2143 1810 maris
2160 1737 2319 1810 illati
2345 1730 2656 1803 fluetibus

606 1852 870 1900 morum
907 1852 1086 1902 metu
1124 1851 1385 1931 turpem
1423 1852 1797 1930 certamque
1832 1853 2116 1905 mortem
2151 1835 2578 1914 incurrmt.
2648 1827 2779 1899 Sed

605 1924 972 1999 constantia
1016 1947 1406 2005 caeterorum
1448 1980 1474 2012 ‚
1534 1931 1612 1997 &
1653 1929 1901 1999 cuuffls
1941 1925 2255 2025 providus
2289 1925 2522 1993 Prince
2574 1945 2606 1992 s
2644 1945 2779 1993 rem

607 2045 894 2120 propere
910 2020 1207 2093 restituit.
1274 2021 1752 2094 Laborantibus
1776 2022 1949 2095 Galli
1980 2022 2413 2094 subvenerunt
2433 2069 2458 2103 ,
2555 2020 2694 2087 inas
2713 2020 2781 2089 in

606 2115 1537 2283 ffie‘sstffiffiffizss‘ssffss’
1574 2115 2072 2282 ss'sszfffffstffff
2074 2113 2226 2280 {513¹
2230 2109 2780 2302 ffimqssffiuss

607 2300 911 2401 prospera
945 2302 1207 2377 fortuna
1228 2234 1573 2376 utebantuli·
1594 2359 1616 2391 ,
1652 2303 2086 2403 jaculatorum
2112 2231 2357 2377 aufssio
2381 2356 2404 2389 ,
2421 2259 2557 2398 ²qui
2581 2297 2780 2396 supe-

607 2401 814 2471 riores
847 2399 1013 2468 locis
1043 2453 1070 2483 ,
1132 2398 1412 2471 hastatos
1466 2396 1750 2471 hostium
1790 2398 2061 2499 desuper
2146 2395 2443 2470 laudibus
2481 2393 2783 2468 vulnera-

605 2489 790 2564 bant.
859 2491 991 2564 Sed
1023 2491 1133 2563 ubi
1169 2498 1496 2588 integrum
1529 2516 1763 2591 agmen
1782 2494 1896 2565 Bel
1946 2519 2000 2564 ae
2019 2501 2094 2565 &
2189 2494 2394 2565 iberni
2412 2488 2640 2562 militis
2661 2488 2784 2562 ad-

605 2587 853 2661 versum
873 2584 1174 2682 ptoceffit
1199 2638 1222 2671 ,
1258 2585 1597 2661 Helvetios
1620 2612 1770 2659 cum
1793 2593 1901 2662 An
1950 2593 2159 2663 reanis
2180 2583 2528 2661 Solmeufis
2549 2585 2784 2673 borta-

597 2701 711 2753 tur
733 2682 980 2752 bostem
1009 2681 1402 2754 invaderent.
1473 2684 1599 2753 His
1630 2681 1883 2763 strenue
1903 2683 2341 2783 pugnantibus
2362 2733 2384 2767 ,
2431 2700 2781 2775 utramque

604 2778 997 2848 Batavorum
1032 2771 1348 2847 submittit
1386 2776 1735 2848 cohortem
1772 2832 1794 2864 ,
1841 2780 2280 2873 Trajeffinam
2315 2775 2486 2847 hanc
2520 2825 2543 2859 ,
2595 2774 2781 2846 istam

604 2869 1089 2941 Hollandicam.
1159 2870 1478 2944 Postremi
1511 2876 1808 2944 omnium
1841 2877 2170 2949 Germani·
2192 2865 2417 2943 marius
2436 2864 2777 2942 mili-‚uere-

605 2966 792 3037 Nam
818 2987 936 3062 per
954 2963 1197 3061 globos
1217 2963 1465 3037 hostem
1486 2966 1800 3039 incursare
1823 3022 1846 3054 ,
1895 2974 1970 3040 &
1988 2965 2478 3065 quamplurimis
2501 2968 2781 3037 catervis

581 3058 899 3157 *praelium
927 3061 1340 3133 committere
1375 3063 1697 3133 Mauritio
1737 3061 1938 3137 vistim
1964 3116 1986 3151 ,
2033 3082 2121 3134 tta
2141 3081 2212 3134 ut
2232 3044 2400 3131 feffis‘.
2418 3057 2574 3129 belli
2590 3082 2785 3132 rece-

600 3174 783 3325 ptu5‚
813 3156 889 3224 &
907 3164 1203 3227 recentes
1224 3179 1453 3226 manus
1475 3155 1766 3252 praelium
1787 3150 2188 3255 exciperent,
2207 3152 2396 3263 quod
2419 3156 2497 3224 &
2518 3152 2783 3227 hostem

477 3254 482 3261 ‘
633 3251 799 3344 regit
818 3301 840 3333 ,
863 3252 937 3317 &
960 3246 1164 3343 ipsum
1184 3250 1492 3321 invictum
1561 3248 1848 3339 astitit,
1869 3255 2020 3349 quia
2044 3248 2416 3360 &spatium
2434 3245 2564 3320 suis
2587 3271 2784 3346 repa-

602 3340 833 3414 randas
866 3341 952 3412 ad
967 3347 1130 3413 vires
1149 3342 1346 3415 dabat
1362 3401 1385 3429 ,
1411 3348 1486 3414 &
1550 3342 1705 3416 ostis
1722 3346 2046 3419 incidebat
2064 3348 2133 3416 in
2148 3365 2440 3441 integros
2458 3397 2483 3431 ‚
2502 3347 2783 3439 quoties

603 3456 678 3508 ut
713 3435 1046 3534 fugientes
1083 3441 1396 3510 incautius
1430 3434 1951 3536 persequebatur.
2024 3438 2353 3521 Caeterum
2375 3440 2549 3510 inter
2565 3436 2786 3511 colles

600 3535 924 3603 continuo
946 3550 1298 3628 pugnatum
1317 3586 1338 3617 ,
1361 3554 1492 3629 qua
1509 3531 1868 3622 detumeat,
1890 3540 1964 3605 δε
1986 3535 2275 3621 ulterius,
2298 3556 2416 3632 per
2434 3533 2785 3607 intervalla

601 3624 888 3721 resumto
921 3630 1195 3722 impetu.
1263 3626 1437 3700 Cum
1462 3630 1741 3724 primum
1763 3629 2014 3733 pedites
2033 3649 2459 3712 concurrere,
2481 3627 2790 3701 Ludovi-

602 3743 719 3795 cus
736 3716 841 3791 sex
861 3722 1089 3790 turmis
1115 3774 1136 3808 ,
1185 3742 1345 3817 quas
1365 3742 1493 3794 tres
1513 3720 1725 3792 alterae
1742 3723 2169 3820 sequebantur
2191 3776 2213 3810 ‚
2258 3721 2562 3794 hostilem
2580 3727 2782 3819 equi-

601 3834 808 3888 tatum
845 3815 1133 3887 invectus
1160 3815 1438 3911 disjecit.
1514 3820 1686 3910 Qo
1724 3840 2026 3915 tempore
2046 3821 2323 3893 Gentius
2358 3816 2461 3913 (is
2482 3838 2780 3895 turnum

600 3910 971 4004 praetoriam
992 3908 1334 4005 tuebatur)
1357 3909 1654 3992 turbatos
1678 3912 2021 3999 insecutus,
2043 3933 2218 3985 trans
2233 3910 2516 3985 hostium
2537 3917 2781 4010 copias

600 4000 977 4100 pervaserat.
1055 4010 1225 4081 Tres
1264 4006 1417 4082 inde
1542 4010 1745 4079 uirum
1781 4008 2088 4081 duam-es
2130 4006 2300 4079 suam
2324 4012 2614 4104 quisque
2635 4032 2783 4080 nu·

597 4122 753 4177 num
793 4099 861 4170 in
879 4095 1202 4200 Hispanos
1221 4099 1475 4202 pedites
1542 4106 1555 4117 '
1598 4105 1792 4205 ‘ge-se.
1864 4105 2020 4180 Nec
2038 4103 2414 4183 Ludovicus
2435 4103 2786 4202 neglexit,

2618 4221 2781 4272 acet
