2900 4628
439 163 1478 254 uisronrnnvm
1559 169 1802 241 ωε.
1885 172 1975 239 x.
2141 190 2267 266 ⁴¹3

124 270 380 371 fiusque
402 327 425 361 ‚
472 294 791 356 concreto
810 273 1121 372 quicquid
1139 298 1449 373 aquarum
1466 281 1710 375 campis
1729 279 2107 352 incubuerat
2130 336 2154 367 ,
2190 287 2276 354 ri-
2332 289 2541 362 1601.

121 369 429 462 gentibus
467 390 738 464 quoque
775 365 1146 441 fluminibus
1170 423 1192 456 ‚
1240 393 1356 440 nec
1390 393 1784 444 commeatus
1810 395 1994 468 aeque
2015 375 2229 447 faciles
2252 427 2274 460 ,

127 463 435 534 &laxior
462 461 628 535 hosti
662 457 730 535 in
754 461 1076 560 oppidum
1094 468 1195 536 via
1232 486 1252 532 ε
1302 482 1684 559 tantumque
1700 464 1901 562 frigus
1929 521 1950 551 ,
2001 489 2070 538 ut
2087 491 2281 539 excu-

119 550 251 627 biae
289 581 428 628 non
470 554 601 627 fine
635 561 909 653 pernitie
929 556 1207 628 militum
1242 560 1659 653 agitarentur.
1727 559 2058 656 Vigefimo
2089 562 2284 658 septi-

116 672 241 722 mo
260 647 371 728 die
399 645 663 722 solvitur
693 650 955 724 obsidio
982 701 1000 735 ,
1048 651 1311 723 dolente
1331 655 1654 722 Mauritio
1671 676 1749 723 ac
1769 653 2160 750 respeciante
2179 653 2288 725 fie-

170 745 270 816 ius
308 768 391 815 an
423 743 665 816 coelum
695 740 1074 816 mitesceret.
1129 745 1277 818 wSed
1300 745 1716 840 impellebant
1732 746 1980 820 abitum
2004 753 2284 820 maxime

113 765 435 910 fierenbe
513 837 676 934 ensis
693 840 903 935 copiae
926 889 947 926 ,
969 837 1208 932 quibus
1233 843 1305 909 δε
1326 839 1434 912 ille
1447 837 1510 910 se
1523 841 1824 934 junxerat
1838 842 2020 913 miles
2041 865 2278 939 ‚quern
2418 931 2421 938 ⁴

83 933 274 1027 vpost
306 925 456 1028 sece-
562 955 714 1004 nem
751 936 1044 1008 Wartam
1085 937 1280 1029 inop
1329 932 1509 1020 idum
1549 934 1918 1006 transsatum
1953 958 2277 1006 memora-

111 1028 834 1218 ffl‘ti‘rqssgrffg‘ss
855 1023 1872 1215 ffssffffffissul‘mssssaffissoe
1890 1047 2036 1194 ,2222
2064 1028 2280 1194 2²:2³5?

1384 1174 1406 1207 v
1782 1185 1791 1194 ·
2244 1161 2280 1178 ‘⁹

112 1213 247 1285 bus
275 1214 529 1285 ‘nudum
551 1214 1553 1288 Hollandiaelatusincursaretur.
1624 1221 1724 1288 Im
1858 1220 2093 1288 imenta
2117 1269 2139 1302 ‚
2160 1239 2280 1286 na-

110 1312 302 1381 vium
335 1306 579 1381 sublato
613 1306 722 1384 ufir
746 1363 767 1396 ,
813 1329 1127 1407 quatenus
1157 1330 1430 1406 potuere
1450 1308 1777 1384 Heusdam
1797 1308 2108 1405 praemiffa
2127 1334 2281 1381 cur·
2392 1333 2395 1340 ’

107 1402 305 1476 ribus
328 1454 350 1490 ,
371 1402 616 1474 incensi
632 1423 884 1478 caetera.
949 1407 1384 1491 Munitiones,
1407 1424 1481 1474 ut
1500 1401 1779 1489 fuerant,
1800 1402 2060 1489 relictae,
2085 1405 2276 1502 periti

108 1494 308 1567 ducis
345 1520 421 1566 ac
454 1502 643 1594 gnavi
675 1499 898 1571 militis
929 1502 1263 1605 egregium
1284 1495 1627 1595 specimen.
1700 1497 1962 1568 Caetero
1983 1500 2275 1570 autumni

106 1590 499 1687 hyemisque
529 1592 751 1665 leviter
765 1599 1125 1666 excursum.
1198 1595 1447 1666 Batavis
1469 1592 2024 1666 Transrhenanam
2040 1596 2275 1688 ripam,

107 1707 266 1780 quae
302 1706 532 1759 contra
569 1685 924 1758 Coloniam
967 1686 1059 1760 est
1094 1739 1118 1771 ‚
1166 1685 1442 1758 obtentu
1477 1709 1711 1775 eorum
1745 1738 1768 1771 ,
1813 1709 1960 1781 quae
1998 1708 2273 1757 mortuae

104 1801 326 1874 nuper
365 1783 593 1852 comiti
633 1777 946 1852 Mursenfi
984 1779 1427 1866 debebantur,
1474 1779 1872 1876 raptantibus
1906 1803 1925 1848 ε
1969 1784 2044 1849 δε
2084 1778 2278 1851 Belli-

102 1867 353 1969 jocoso
415 1873 864 1945 Archiducum
906 1870 1068 1967 juffu
1272 1873 1488 1946 uhnte
1532 1874 1719 1970 quod
1766 1872 2121 1944 Brabantiae
2164 1869 2279 1944 sub
2408 1911 2411 1914 ι

105 1967 486 2072 Foederatis
619 1966 809 2041 fitum
838 1968 1081 2040 tributa
1114 1896 1268 2039 ἐξὲξ
1319 1969 1332 1982 “
1462 1988 1514 2039 t.
1595 1966 1821 2041 Stabat
1854 1966 2064 2038 adbuc
2107 1970 2297 2044 circa.

104 2059 481 2145 Ostendam
514 1991 754 2133 ffilum
796 2084 817 2132 :
871 2065 946 2132 &
984 2062 1143 2134 alter
1177 2060 1622 2135 obsidentibus
1658 2081 1852 2158 atque
1894 2058 2150 2135 obseffis
2186 2061 2280 2132 la·

103 2155 248 2229 bor
281 2206 303 2241 ,
353 2155 716 2248 hybernum
737 2179 912 2227 mare
935 2209 957 2241 ‚
1007 2176 1177 2227 nunc
1198 2155 1335 2227 baec
1359 2210 1380 2243 ‚
1427 2171 1599 2227 nunc
1614 2154 1715 2226 illa
1737 2180 1783 2227 o
1955 2159 2275 2253 quatiens.

102 2249 543 2325 Accedebant
567 2248 792 2345 ‘morbi
813 2251 992 2322 coelo
1013 2248 1281 2347 soloque
1294 2251 1481 2347 juxta
1494 2251 1778 2325 humenti
1830 2274 1901 2324 us
1923 2302 1945 2338 ,
1991 2269 2274 2346 quorum

102 2344 473 2418 intolerans
504 2349 820 2441 imprimis
855 2349 1036 2417 natio
1069 2344 1267 2443 Angli
1301 2343 1582 2433 deficere
1611 2346 1818 2433 indies
1842 2397 1863 2430 ‚
1905 2365 2015 2415 aut
2048 2341 2275 2416 disces?-

101 2439 257 2512 sum
292 2443 361 2509 in
398 2443 665 2536 patriam
702 2438 968 2510 Verium
1004 2461 1239 2531 orare,
1286 2463 1401 2535 per
1420 2461 1568 2534 quae
1591 2443 1962 2511 imminutus
1983 2435 2275 2529 defenso-

101 2554 265 2605 rum
287 2556 586 2604 numerus
612 2586 633 2618 ,
655 2536 744 2604 ita
764 2554 836 2604 ut
856 2532 1098 2630 septem
1119 2520 1388 2604 nilllium
1406 2538 1514 2605 vix
1537 2537 1656 2605 tria
1676 2534 1982 2607 restarent
2002 2586 2021 2619 ‚
2042 2532 2274 2603 Archi·

102 2629 517 2699 ducemnon
551 2626 733 2696 latuit
755 2681 776 2714 ,
825 2634 940 2722 qui
976 2652 1123 2699 cum
1158 2649 1280 2699 nec
1304 2628 1614 2701 immet-fis
1639 2630 1901 2702 navibus
1926 2680 1946 2713 ,
1995 2650 2114 2697 nec
2138 2625 2273 2697 ullo

102 2722 450 2821 lignorum
504 2720 919 2818 lapidumque
962 2722 1224 2819 aggestu
1280 2722 1631 2794 aestuarium
1676 2722 1923 2796 videret
1967 2719 2275 2817 praecludi
2351 2786 2353 2797 ⁴

101 2812 352 2917 posse,
401 2838 522 2885 nec
556 2824 641 2885 eo
683 2820 1043 2887 continuari
1080 2832 1329 2912 opera,
1375 2815 1674 2889 fimuL&
1704 2820 1866 2886 mari
1911 2821 1984 2885 &
2024 2813 2272 2884 machi-

103 2916 220 2984 nis
263 2907 543 2981 hostium
582 2910 1017 3007 prementibus
1043 2963 1064 2994 ,
1110 2909 1193 2980 ad
1226 2933 1449 2980 manus
1486 2933 1623 2983 rem
1660 2908 2009 3005 perducere
2029 2908 2271 2980 statuit.

107 3008 545 3098 Primumque
570 3056 591 3089 ,
638 3005 960 3076 tentandis
997 3004 1234 3076 viribus
1258 3056 1279 3088 ,
1317 3002 1605 3075 deleam
1637 3004 1913 3074 militum
1933 3002 2273 3097 offingen-

105 3122 276 3184 τος,
325 3119 632 3195 praetexta
663 3095 889 3169 littore
927 3101 1170 3169 moenia
1207 3094 1431 3169 affilire
1468 3098 1665 3168 ηοᾶιι
1684 3095 1911 3190 jubet,
1956 3100 2142 3192 quod
2161 3117 2279 3173 ex-
2362 3156 2373 3167 ,
2433 3158 2461 3191 ,

67 3226 70 3227 f
106 3196 321 3268 secuti
364 3192 666 3277 fortiter3
714 3192 1025 3287 palosque
1064 3197 1136 3261 &
1177 3195 1337 3262 mari
1368 3191 1631 3286 objecta
1666 3191 1793 3262 late
1822 3190 2124 3269 incendio
2157 3185 2277 3259 de-

164 3285 498 3360 ascebant.
561 3285 692 3359 Sed
728 3310 888 3357 mox
924 3285 1104 3359 aestus
1145 3307 1479 3363 recurrens
1501 3288 1720 3384 coegit
1738 3283 2074 3358 abscedere
2101 3334 2123 3367 ,
2169 3303 2278 3351 re·
2394 3342 2397 3345 .

108 3314 294 3455 siffis
323 3381 582 3453 suorum
616 3380 787 3453 haud
824 3385 1081 3476 paucis,
1133 3402 1301 3475 quos
1323 3404 1362 3450 e
1385 3385 1691 3477 proximo
1708 3380 2019 3451 machinae
2041 3376 2279 3449 lacera·-

110 3496 375 3552 verant.
441 3476 690 3548 Placuit
719 3496 977 3561 tamen,
1022 3478 1304 3570 acceptis
1324 3479 1388 3545 in
1405 3475 1604 3546 castra
1622 3472 2114 3571 supplementis,
2156 3497 2280 3569 op-

166 3569 357 3640 idum
384 3622 406 3656 ,
450 3590 591 3641 tum
631 3591 759 3665 qua
796 3590 972 3640 retro
1011 3572 1079 3639 in
1118 3592 1391 3667 campos·
1405 3573 1540 3640 exit
1563 3623 1586 3655 ,
1630 3589 1768 3641 tum
1790 3589 1914 3663 qua
1936 3591 2107 3637 mare
2129 3590 2283 3663 pro-

141 3664 364 3761 peQat
387 3718 409 3750 ,
449 3669 722 3761 gemino
744 3686 825 3734 ex
852 3663 1053 3736 latere
1071 3662 1312 3735 adoriri
1335 3695 1354 3748 3
1406 3664 1800 3759 Histricique
1822 3667 1897 3734 &
1920 3661 2234 3735 Sabuleto
2255 3715 2277 3748 ,

165 3761 468 3855 raecipuis
508 3758 638 3829 illic
667 3762 1084 3830 munimentis
1116 3809 1140 3843 ‚
1185 3760 1247 3829 vi
1269 3779 1410 3830 tota
1432 3757 1826 3833 incumbere.
1893 3762 2183 3832 Gnarum
2206 3758 2274 3828 id

179 3856 330 3923 erio
353 3905 375 3939 ,
422 3857 655 3951 captivi
677 3852 927 3925 indicio
947 3905 969 3937 ‚
1001 3848 1392 3946 quisuorum
1414 3856 1715 3948 paucitati
1732 3870 2025 3925 metuens
2049 3904 2068 3936 ,
2093 3852 2275 3923 nullo

109 3946 365 4021 ducum
403 3949 675 4019 aliorum
698 4000 720 4033 ‚
766 3945 870 4023 sed
897 3952 1086 4019 unius
1118 3944 1236 4019 suo
1267 3946 1410 4018 usus
1444 3947 1716 4019 consilio
1740 4002 1761 4035 ‚
1808 3947 2129 4044 plerisque
2165 3968 2279 4015 ne-

114 4040 468 4129 scientibus
492 4093 516 4129 ,
562 4039 794 4118 breves
823 4067 976 4135 cum
1006 4041 1196 4117 hoste
1228 4042 1521 4117 inducias
1550 4038 1707 4115 facit
1733 4095 1754 4134 ,
1806 4046 1882 4114 δε
1906 4042 2145 4200 ,ἰηρεᾶἕ
2166 4038 2276 4197 spse

251 4170 256 4173 v
1965 4192 1977 4203 .
2149 4153 2199 4198 ef
2232 4154 2278 4196 ι-
2321 4180 2325 4191 ,
