<?xml version="1.0" encoding="UTF-8"?>
<!DOCTYPE html PUBLIC "-//W3C//DTD XHTML 1.0 Transitional//EN"
    "http://www.w3.org/TR/xhtml1/DTD/xhtml1-transitional.dtd">
<html xmlns="http://www.w3.org/1999/xhtml" xml:lang="en" lang="en">
 <head>
  <title>
</title>
<meta http-equiv="Content-Type" content="text/html;charset=utf-8" />
  <meta name='ocr-system' content='tesseract 3.04.00' />
  <meta name='ocr-capabilities' content='ocr_page ocr_carea ocr_par ocr_line ocrx_word'/>
</head>
<body>
  <div class='ocr_page' id='page_1' title='image "./annalesethistor00grotgoog/annalesethistor00grotgoog_0466.png"; bbox 0 0 2900 4628; ppageno 0'>
   <div class='ocr_carea' id='block_1_1' title="bbox 313 211 2833 4272">
    <p class='ocr_par' dir='ltr' id='par_1_1' title="bbox 415 211 2339 318">
     <span class='ocr_line' id='line_1_1' title="bbox 415 211 2339 318; baseline 0.001 -30"><span class='ocrx_word' id='word_1_1' title='bbox 415 243 773 318; x_wconf 37' lang='lat'>‚⁰434</span> <span class='ocrx_word' id='word_1_2' title='bbox 959 211 2339 296; x_wconf 67' lang='lat' dir='ltr'>&#39;HvGoNIS‘GRoTu</span> 
     </span>
    </p>

    <p class='ocr_par' dir='ltr' id='par_1_2' title="bbox 313 322 2773 620">
     <span class='ocr_line' id='line_1_2' title="bbox 313 322 2773 433; baseline -0.003 -23"><span class='ocrx_word' id='word_1_3' title='bbox 313 327 318 331; x_wconf 67' lang='grc'><em>’</em></span> <span class='ocrx_word' id='word_1_4' title='bbox 352 339 568 432; x_wconf 77' lang='lat'>1603.</span> <span class='ocrx_word' id='word_1_5' title='bbox 639 338 868 433; x_wconf 78' lang='lat' dir='ltr'>regni,</span> <span class='ocrx_word' id='word_1_6' title='bbox 914 337 1005 405; x_wconf 85' lang='lat' dir='ltr'>ita</span> <span class='ocrx_word' id='word_1_7' title='bbox 1035 328 1342 405; x_wconf 83' lang='lat' dir='ltr'>virtutum</span> <span class='ocrx_word' id='word_1_8' title='bbox 1380 337 1676 404; x_wconf 85' lang='lat' dir='ltr'>omnium</span> <span class='ocrx_word' id='word_1_9' title='bbox 1710 329 2055 403; x_wconf 75' lang='lat' dir='ltr'>haeredem.</span> <span class='ocrx_word' id='word_1_10' title='bbox 2105 330 2319 425; x_wconf 83' lang='lat' dir='ltr'>Qod</span> <span class='ocrx_word' id='word_1_11' title='bbox 2329 332 2467 425; x_wconf 81' lang='lat' dir='ltr'>jam</span> <span class='ocrx_word' id='word_1_12' title='bbox 2482 329 2645 401; x_wconf 78' lang='lat' dir='ltr'>olim</span> <span class='ocrx_word' id='word_1_13' title='bbox 2664 322 2773 403; x_wconf 63' lang='lat' dir='ltr'>roi</span> 
     </span>
     <span class='ocr_line' id='line_1_3' title="bbox 639 421 2771 525; baseline -0.002 -27"><span class='ocrx_word' id='word_1_14' title='bbox 639 431 727 498; x_wconf 87' lang='lat' dir='ltr'>tis</span> <span class='ocrx_word' id='word_1_15' title='bbox 750 482 772 513; x_wconf 86' lang='lat'>,</span> <span class='ocrx_word' id='word_1_16' title='bbox 813 429 994 525; x_wconf 93' lang='lat' dir='ltr'>quod</span> <span class='ocrx_word' id='word_1_17' title='bbox 1015 429 1218 523; x_wconf 85' lang='lat' dir='ltr'>nuper</span> <span class='ocrx_word' id='word_1_18' title='bbox 1240 427 1328 498; x_wconf 85' lang='lat' dir='ltr'>ad</span> <span class='ocrx_word' id='word_1_19' title='bbox 1343 424 1764 498; x_wconf 85' lang='lat' dir='ltr'>feliciffimum</span> <span class='ocrx_word' id='word_1_20' title='bbox 1785 424 2071 497; x_wconf 86' lang='lat' dir='ltr'>inchoati</span> <span class='ocrx_word' id='word_1_21' title='bbox 2091 429 2341 519; x_wconf 88' lang='lat' dir='ltr'>imperii</span> <span class='ocrx_word' id='word_1_22' title='bbox 2361 421 2653 495; x_wconf 68' lang='lat' dir='ltr'>nuntium</span> <span class='ocrx_word' id='word_1_23' title='bbox 2667 425 2771 495; x_wconf 80' lang='lat' dir='ltr'>de·-</span> 
     </span>
     <span class='ocr_line' id='line_1_4' title="bbox 636 516 2772 620; baseline -0.001 -28"><span class='ocrx_word' id='word_1_24' title='bbox 636 527 831 594; x_wconf 77' lang='lat' dir='ltr'>cretis</span> <span class='ocrx_word' id='word_1_25' title='bbox 850 522 1105 620; x_wconf 87' lang='lat' dir='ltr'>publice</span> <span class='ocrx_word' id='word_1_26' title='bbox 1129 518 1726 618; x_wconf 84' lang='lat' dir='ltr'>supplicationibus,</span> <span class='ocrx_word' id='word_1_27' title='bbox 1745 516 1814 588; x_wconf 89' lang='lat' dir='ltr'>id</span> <span class='ocrx_word' id='word_1_28' title='bbox 1833 543 2005 590; x_wconf 87' lang='lat' dir='ltr'>nunc</span> <span class='ocrx_word' id='word_1_29' title='bbox 2018 538 2083 590; x_wconf 89' lang='lat' dir='ltr'>te</span> <span class='ocrx_word' id='word_1_30' title='bbox 2099 541 2324 590; x_wconf 85' lang='lat' dir='ltr'>coram</span> <span class='ocrx_word' id='word_1_31' title='bbox 2344 542 2510 589; x_wconf 83' lang='lat' dir='ltr'>voce</span> <span class='ocrx_word' id='word_1_32' title='bbox 2522 541 2597 588; x_wconf 83' lang='lat' dir='ltr'>ac</span> <span class='ocrx_word' id='word_1_33' title='bbox 2614 541 2772 598; x_wconf 82' lang='lat' dir='ltr'>men-</span> 
     </span>
    </p>

    <p class='ocr_par' dir='ltr' id='par_1_3' title="bbox 527 611 2778 1088">
     <span class='ocr_line' id='line_1_5' title="bbox 638 611 2769 711; baseline -0.001 -26"><span class='ocrx_word' id='word_1_34' title='bbox 638 635 705 686; x_wconf 87' lang='lat' dir='ltr'>te</span> <span class='ocrx_word' id='word_1_35' title='bbox 728 617 946 687; x_wconf 85' lang='lat' dir='ltr'>Deum</span> <span class='ocrx_word' id='word_1_36' title='bbox 965 638 1480 711; x_wconf 79' lang='lat' dir='ltr'>comprecamur,</span> <span class='ocrx_word' id='word_1_37' title='bbox 1502 612 1777 686; x_wconf 74' lang='lat' dir='ltr'>fiustum</span> <span class='ocrx_word' id='word_1_38' title='bbox 1791 631 1860 683; x_wconf 87' lang='lat' dir='ltr'>ut</span> <span class='ocrx_word' id='word_1_39' title='bbox 1878 614 2008 685; x_wconf 88' lang='lat' dir='ltr'>hoc</span> <span class='ocrx_word' id='word_1_40' title='bbox 2024 612 2143 685; x_wconf 88' lang='lat' dir='ltr'>tibi</span> <span class='ocrx_word' id='word_1_41' title='bbox 2162 661 2183 699; x_wconf 85' lang='lat'>‚</span> <span class='ocrx_word' id='word_1_42' title='bbox 2209 611 2479 682; x_wconf 85' lang='lat' dir='ltr'>faustum</span> <span class='ocrx_word' id='word_1_43' title='bbox 2502 612 2769 709; x_wconf 61' lang='lat' dir='ltr'>posteris,</span> 
     </span>
     <span class='ocr_line' id='line_1_6' title="bbox 638 704 2774 794; baseline -0.001 -15"><span class='ocrx_word' id='word_1_44' title='bbox 638 707 912 780; x_wconf 76' lang='lat' dir='ltr'>faustum</span> <span class='ocrx_word' id='word_1_45' title='bbox 933 711 1305 794; x_wconf 74' lang='lat' dir='ltr'>Brimnniae,</span> <span class='ocrx_word' id='word_1_46' title='bbox 1325 707 1598 778; x_wconf 66' lang='lat' dir='ltr'>faustum</span> <span class='ocrx_word' id='word_1_47' title='bbox 1620 704 1811 792; x_wconf 80' lang='lat' dir='ltr'>nobis</span> <span class='ocrx_word' id='word_1_48' title='bbox 1830 713 2102 780; x_wconf 77' lang='lat' dir='ltr'>eveniat.</span> <span class='ocrx_word' id='word_1_49' title='bbox 2150 712 2256 777; x_wconf 89' lang='lat' dir='ltr'>Te</span> <span class='ocrx_word' id='word_1_50' title='bbox 2270 730 2427 778; x_wconf 84' lang='lat' dir='ltr'>vero</span> <span class='ocrx_word' id='word_1_51' title='bbox 2448 704 2774 777; x_wconf 82' lang='lat' dir='ltr'>remobse-</span> 
     </span>
     <span class='ocr_line' id='line_1_7' title="bbox 527 799 2776 899; baseline 0.001 -25"><span class='ocrx_word' id='word_1_52' title='bbox 527 839 536 852; x_wconf 55' lang='lat'><em>1</em></span> <span class='ocrx_word' id='word_1_53' title='bbox 644 826 896 874; x_wconf 86' lang='lat' dir='ltr'>cramus</span> <span class='ocrx_word' id='word_1_54' title='bbox 929 825 1122 872; x_wconf 83' lang='lat' dir='ltr'>unam</span> <span class='ocrx_word' id='word_1_55' title='bbox 1151 855 1172 888; x_wconf 90' lang='lat'>‚</span> <span class='ocrx_word' id='word_1_56' title='bbox 1231 827 1316 874; x_wconf 88' lang='lat' dir='ltr'>ne</span> <span class='ocrx_word' id='word_1_57' title='bbox 1348 804 1612 899; x_wconf 83' lang='lat' dir='ltr'>patiaris</span> <span class='ocrx_word' id='word_1_58' title='bbox 1654 806 1722 873; x_wconf 86' lang='lat' dir='ltr'>in</span> <span class='ocrx_word' id='word_1_59' title='bbox 1758 799 2095 899; x_wconf 76' lang='lat' dir='ltr'><strong>Belgarum</strong></span> <span class='ocrx_word' id='word_1_60' title='bbox 2137 801 2494 873; x_wconf 82' lang='lat' dir='ltr'>cervicibus</span> <span class='ocrx_word' id='word_1_61' title='bbox 2528 800 2776 876; x_wconf 60' lang='lat' dir='ltr'>{butem</span> 
     </span>
     <span class='ocr_line' id='line_1_8' title="bbox 645 893 2778 994; baseline -0.001 -27"><span class='ocrx_word' id='word_1_62' title='bbox 645 893 999 994; x_wconf 87' lang='lat' dir='ltr'>Hispanum</span> <span class='ocrx_word' id='word_1_63' title='bbox 1023 947 1045 982; x_wconf 90' lang='lat'>‚</span> <span class='ocrx_word' id='word_1_64' title='bbox 1091 893 1242 982; x_wconf 79' lang='lat' dir='ltr'>inde</span> <span class='ocrx_word' id='word_1_65' title='bbox 1271 900 1338 966; x_wconf 89' lang='lat' dir='ltr'>in</span> <span class='ocrx_word' id='word_1_66' title='bbox 1356 898 1561 968; x_wconf 85' lang='lat' dir='ltr'>aliena</span> <span class='ocrx_word' id='word_1_67' title='bbox 1596 897 1864 991; x_wconf 85' lang='lat' dir='ltr'>imperia</span> <span class='ocrx_word' id='word_1_68' title='bbox 1881 895 2099 965; x_wconf 83' lang='lat' dir='ltr'>moliri</span> <span class='ocrx_word' id='word_1_69' title='bbox 2121 893 2410 990; x_wconf 84' lang='lat' dir='ltr'>gradum.</span> <span class='ocrx_word' id='word_1_70' title='bbox 2465 894 2778 980; x_wconf 78' lang='lat' dir='ltr'>Convenit</span> 
     </span>
     <span class='ocr_line' id='line_1_9' title="bbox 642 985 2778 1088; baseline -0 -28"><span class='ocrx_word' id='word_1_71' title='bbox 642 989 940 1088; x_wconf 79' lang='lat' dir='ltr'>religioni</span> <span class='ocrx_word' id='word_1_72' title='bbox 961 1009 1086 1059; x_wconf 82' lang='lat' dir='ltr'>tuae</span> <span class='ocrx_word' id='word_1_73' title='bbox 1106 1041 1127 1075; x_wconf 89' lang='lat'>‚</span> <span class='ocrx_word' id='word_1_74' title='bbox 1147 985 1251 1060; x_wconf 72' lang='lat' dir='ltr'>t&#39;ot</span> <span class='ocrx_word' id='word_1_75' title='bbox 1271 993 1530 1087; x_wconf 86' lang='lat' dir='ltr'>piomm</span> <span class='ocrx_word' id='word_1_76' title='bbox 1552 1010 1764 1060; x_wconf 81' lang='lat' dir='ltr'>coetus</span> <span class='ocrx_word' id='word_1_77' title='bbox 1782 986 2187 1084; x_wconf 69' lang='lat' dir='ltr'>sanguinariae</span> <span class='ocrx_word' id='word_1_78' title='bbox 2206 987 2664 1085; x_wconf 74' lang='lat' dir='ltr'>superstitionis</span> <span class='ocrx_word' id='word_1_79' title='bbox 2686 1011 2778 1068; x_wconf 70' lang='lat' dir='ltr'>‚te-</span> 
     </span>
    </p>

    <p class='ocr_par' dir='ltr' id='par_1_4' title="bbox 595 1079 2782 1369">
     <span class='ocr_line' id='line_1_10' title="bbox 693 1079 2743 1180; baseline -0 -27"><span class='ocrx_word' id='word_1_80' title='bbox 693 1108 782 1153; x_wconf 91' lang='lat' dir='ltr'>no</span> <span class='ocrx_word' id='word_1_81' title='bbox 808 1088 1055 1179; x_wconf 80' lang='lat' dir='ltr'>eripere</span> <span class='ocrx_word' id='word_1_82' title='bbox 1102 1106 1123 1152; x_wconf 75' lang='grc' dir='ltr'><strong><em>ε</em></strong></span> <span class='ocrx_word' id='word_1_83' title='bbox 1165 1079 1482 1157; x_wconf 70' lang='lat' dir='ltr'>&#39;convenit</span> <span class='ocrx_word' id='word_1_84' title='bbox 1496 1081 1755 1180; x_wconf 81' lang='lat' dir='ltr'>justitiae</span> <span class='ocrx_word' id='word_1_85' title='bbox 1775 1085 1977 1169; x_wconf 86' lang='lat' dir='ltr'>,tueri</span> <span class='ocrx_word' id='word_1_86' title='bbox 1996 1080 2243 1153; x_wconf 82' lang='lat' dir='ltr'>causam</span> <span class='ocrx_word' id='word_1_87' title='bbox 2261 1081 2602 1177; x_wconf 87' lang='lat' dir='ltr'>probatam</span> <span class='ocrx_word' id='word_1_88' title='bbox 2730 1087 2743 1100; x_wconf 86' lang='grc'><em>’</em></span> 
     </span>
     <span class='ocr_line' id='line_1_11' title="bbox 595 1103 2775 1275; baseline 0.003 -31"><span class='ocrx_word' id='word_1_89' title='bbox 595 1238 601 1244; x_wconf 90' lang='grc'><em>.</em></span> <span class='ocrx_word' id='word_1_90' title='bbox 641 1107 805 1248; x_wconf 62' lang='grc' dir='ltr'>ἕως</span> <span class='ocrx_word' id='word_1_91' title='bbox 832 1180 1137 1249; x_wconf 86' lang='lat' dir='ltr'>convenit</span> <span class='ocrx_word' id='word_1_92' title='bbox 1153 1176 1511 1275; x_wconf 77' lang='lat' dir='ltr'>prudentiae</span> <span class='ocrx_word' id='word_1_93' title='bbox 1533 1229 1555 1262; x_wconf 87' lang='lat'>‚</span> <span class='ocrx_word' id='word_1_94' title='bbox 1586 1176 1700 1248; x_wconf 88' lang='lat' dir='ltr'>lon</span> <span class='ocrx_word' id='word_1_95' title='bbox 1746 1200 1785 1246; x_wconf 91' lang='lat' dir='ltr'>e</span> <span class='ocrx_word' id='word_1_96' title='bbox 1819 1176 2159 1274; x_wconf 81' lang='lat' dir='ltr'><strong>dispellere</strong></span> <span class='ocrx_word' id='word_1_97' title='bbox 2186 1198 2544 1274; x_wconf 76' lang='lat' dir='ltr'>regnorum</span> <span class='ocrx_word' id='word_1_98' title='bbox 2575 1103 2775 1250; x_wconf 51' lang='lat' dir='ltr'>suff*</span> 
     </span>
     <span class='ocr_line' id='line_1_12' title="bbox 639 1268 2782 1369; baseline -0 -25"><span class='ocrx_word' id='word_1_99' title='bbox 639 1269 814 1345; x_wconf 81' lang='lat' dir='ltr'>sores</span> <span class='ocrx_word' id='word_1_100' title='bbox 838 1325 859 1358; x_wconf 91' lang='lat'>‚</span> <span class='ocrx_word' id='word_1_101' title='bbox 894 1270 1234 1341; x_wconf 86' lang='lat' dir='ltr'>Pontificis</span> <span class='ocrx_word' id='word_1_102' title='bbox 1268 1273 1556 1346; x_wconf 87' lang='lat' dir='ltr'>Romani</span> <span class='ocrx_word' id='word_1_103' title='bbox 1594 1268 1723 1342; x_wconf 72' lang='lat' dir='ltr'>fite</span> <span class='ocrx_word' id='word_1_104' title='bbox 1746 1271 1888 1340; x_wconf 83' lang='lat' dir='ltr'>lites</span> <span class='ocrx_word' id='word_1_105' title='bbox 1914 1323 1934 1356; x_wconf 87' lang='lat'>,</span> <span class='ocrx_word' id='word_1_106' title='bbox 1972 1293 2111 1366; x_wconf 91' lang='lat' dir='ltr'>quo</span> <span class='ocrx_word' id='word_1_107' title='bbox 2130 1269 2344 1362; x_wconf 78' lang='lat' dir='ltr'>judice</span> <span class='ocrx_word' id='word_1_108' title='bbox 2371 1324 2393 1357; x_wconf 88' lang='lat'>‚</span> <span class='ocrx_word' id='word_1_109' title='bbox 2431 1270 2568 1341; x_wconf 79' lang='lat' dir='ltr'>hoc</span> <span class='ocrx_word' id='word_1_110' title='bbox 2599 1271 2782 1369; x_wconf 86' lang='lat' dir='ltr'>qnid·-</span> 
     </span>
    </p>

    <p class='ocr_par' dir='ltr' id='par_1_5' title="bbox 639 1361 2801 1743">
     <span class='ocr_line' id='line_1_13' title="bbox 639 1361 2782 1474; baseline 0.002 -40"><span class='ocrx_word' id='word_1_111' title='bbox 639 1361 803 1462; x_wconf 89' lang='lat' dir='ltr'>quid</span> <span class='ocrx_word' id='word_1_112' title='bbox 822 1366 1081 1436; x_wconf 85' lang='lat' dir='ltr'>obtines</span> <span class='ocrx_word' id='word_1_113' title='bbox 1123 1364 1336 1474; x_wconf 82' lang='lat' dir='ltr'>praeda</span> <span class='ocrx_word' id='word_1_114' title='bbox 1371 1363 1479 1437; x_wconf 88' lang='lat' dir='ltr'>est.</span> <span class='ocrx_word' id='word_1_115' title='bbox 1543 1364 1727 1437; x_wconf 83' lang='lat' dir='ltr'>Fecit</span> <span class='ocrx_word' id='word_1_116' title='bbox 1761 1365 1893 1435; x_wconf 87' lang='lat' dir='ltr'>hoc</span> <span class='ocrx_word' id='word_1_117' title='bbox 1921 1361 2326 1451; x_wconf 77' lang='lat' dir='ltr'>Elisabetha‘,</span> <span class='ocrx_word' id='word_1_118' title='bbox 2364 1363 2782 1459; x_wconf 65' lang='lat' dir='ltr'>perficiestu&#39;,</span> 
     </span>
     <span class='ocr_line' id='line_1_14' title="bbox 639 1455 2787 1625; baseline 0.002 -96"><span class='ocrx_word' id='word_1_119' title='bbox 639 1476 958 1566; x_wconf 80' lang='lat' dir='ltr'>tantoque</span> <span class='ocrx_word' id='word_1_120' title='bbox 975 1455 1221 1529; x_wconf 68' lang='lat' dir='ltr'>facum</span> <span class='ocrx_word' id='word_1_121' title='bbox 1242 1511 1263 1544; x_wconf 87' lang='lat'><strong>,</strong></span> <span class='ocrx_word' id='word_1_122' title='bbox 1312 1480 1564 1625; x_wconf 45' lang='lat' dir='ltr'>{qanto</span> <span class='ocrx_word' id='word_1_123' title='bbox 1582 1457 1701 1531; x_wconf 82' lang='lat' dir='ltr'>tibi</span> <span class='ocrx_word' id='word_1_124' title='bbox 1720 1457 1924 1532; x_wconf 81' lang='lat' dir='ltr'>valida</span> <span class='ocrx_word' id='word_1_125' title='bbox 1943 1476 2096 1567; x_wconf 42' lang='lat' dir='ltr'>etas</span> <span class='ocrx_word' id='word_1_126' title='bbox 2116 1460 2334 1567; x_wconf 29' lang='lat' dir='ltr'>‘ivirile</span> <span class='ocrx_word' id='word_1_127' title='bbox 2348 1457 2586 1568; x_wconf 72' lang='lat' dir='ltr'>robur,</span> <span class='ocrx_word' id='word_1_128' title='bbox 2606 1460 2787 1534; x_wconf 79' lang='lat' dir='ltr'>latior</span> 
     </span>
     <span class='ocr_line' id='line_1_15' title="bbox 642 1549 2801 1743; baseline 0.001 -25"><span class='ocrx_word' id='word_1_129' title='bbox 642 1549 1783 1743; x_wconf 53' lang='grc' dir='ltr'>Ξὲἑῗἓὲᾱῖἒῗάξὲζῗηῶῖὲῗὲῗῗὲ</span> <span class='ocrx_word' id='word_1_130' title='bbox 1812 1553 2801 1743; x_wconf 55' lang='lat' dir='ltr'>2Y⁶322355253532⁰32¹3ffl</span> 
     </span>
    </p>

    <p class='ocr_par' dir='ltr' id='par_1_6' title="bbox 406 1671 2793 2027">
     <span class='ocr_line' id='line_1_16' title="bbox 406 1671 2789 1844; baseline 0.001 -33"><span class='ocrx_word' id='word_1_131' title='bbox 406 1771 409 1774; x_wconf 57' lang='grc'><strong>’</strong></span> <span class='ocrx_word' id='word_1_132' title='bbox 557 1775 598 1828; x_wconf 63' lang='lat' dir='ltr'><em>j</em></span> <span class='ocrx_word' id='word_1_133' title='bbox 645 1738 832 1838; x_wconf 72' lang='lat' dir='ltr'>poss&#39;e</span> <span class='ocrx_word' id='word_1_134' title='bbox 850 1741 976 1810; x_wconf 82' lang='lat' dir='ltr'>His</span> <span class='ocrx_word' id='word_1_135' title='bbox 1011 1763 1227 1809; x_wconf 89' lang='lat' dir='ltr'>anum.</span> <span class='ocrx_word' id='word_1_136' title='bbox 1275 1743 1534 1844; x_wconf 71' lang='lat' dir='ltr'>Bonugn</span> <span class='ocrx_word' id='word_1_137' title='bbox 1553 1741 1697 1812; x_wconf 87' lang='lat' dir='ltr'>sane</span> <span class='ocrx_word' id='word_1_138' title='bbox 1716 1671 2147 1814; x_wconf 47' lang='lat' dir='ltr'>Christianum</span> <span class='ocrx_word' id='word_1_139' title='bbox 2170 1742 2420 1836; x_wconf 84' lang='lat' dir='ltr'>paxest.</span> <span class='ocrx_word' id='word_1_140' title='bbox 2458 1742 2596 1813; x_wconf 87' lang='lat' dir='ltr'>Sed</span> <span class='ocrx_word' id='word_1_141' title='bbox 2617 1741 2789 1839; x_wconf 84' lang='lat' dir='ltr'>quod</span> 
     </span>
     <span class='ocr_line' id='line_1_17' title="bbox 645 1766 2793 1931; baseline 0.001 -25"><span class='ocrx_word' id='word_1_142' title='bbox 645 1859 796 1906; x_wconf 85' lang='lat' dir='ltr'>cum</span> <span class='ocrx_word' id='word_1_143' title='bbox 816 1766 1037 1906; x_wconf 38' lang='lat' dir='ltr'>validis</span> <span class='ocrx_word' id='word_1_144' title='bbox 1057 1854 1254 1930; x_wconf 84' lang='lat' dir='ltr'>atque</span> <span class='ocrx_word' id='word_1_145' title='bbox 1273 1833 1491 1905; x_wconf 81' lang='lat' dir='ltr'>infidis</span> <span class='ocrx_word' id='word_1_146' title='bbox 1513 1833 1681 1928; x_wconf 83' lang='lat' dir='ltr'>haud</span> <span class='ocrx_word' id='word_1_147' title='bbox 1702 1836 1888 1907; x_wconf 78' lang='lat' dir='ltr'>aliter</span> <span class='ocrx_word' id='word_1_148' title='bbox 1901 1859 2097 1931; x_wconf 75' lang='lat' dir='ltr'>quam</span> <span class='ocrx_word' id='word_1_149' title='bbox 2119 1832 2293 1906; x_wconf 80' lang='lat' dir='ltr'>bello</span> <span class='ocrx_word' id='word_1_150' title='bbox 2470 1860 2523 1906; x_wconf 89' lang='lat' dir='ltr'>s.</span> <span class='ocrx_word' id='word_1_151' title='bbox 2564 1839 2636 1908; x_wconf 89' lang='lat' dir='ltr'>Si</span> <span class='ocrx_word' id='word_1_152' title='bbox 2657 1861 2793 1908; x_wconf 79' lang='lat' dir='ltr'>om-</span> 
     </span>
     <span class='ocr_line' id='line_1_18' title="bbox 648 1923 2793 2027; baseline 0.002 -28"><span class='ocrx_word' id='word_1_153' title='bbox 648 1932 858 2015; x_wconf 84' lang='lat' dir='ltr'>nium,</span> <span class='ocrx_word' id='word_1_154' title='bbox 887 1951 1056 2026; x_wconf 83' lang='lat' dir='ltr'>quos</span> <span class='ocrx_word' id='word_1_155' title='bbox 1074 1923 1251 1999; x_wconf 67' lang='lat' dir='ltr'>causa</span> <span class='ocrx_word' id='word_1_156' title='bbox 1259 1930 1504 2025; x_wconf 82' lang='lat' dir='ltr'>jungit,</span> <span class='ocrx_word' id='word_1_157' title='bbox 1527 1951 1688 2027; x_wconf 87' lang='lat' dir='ltr'>opes</span> <span class='ocrx_word' id='word_1_158' title='bbox 1706 1928 2075 2025; x_wconf 83' lang='lat' dir='ltr'>conspirent</span> <span class='ocrx_word' id='word_1_159' title='bbox 2098 1982 2119 2014; x_wconf 93' lang='lat'><strong>‚</strong></span> <span class='ocrx_word' id='word_1_160' title='bbox 2154 1929 2285 2000; x_wconf 79' lang='lat' dir='ltr'>mul</span> <span class='ocrx_word' id='word_1_161' title='bbox 2393 1950 2495 2001; x_wconf 87' lang='lat' dir='ltr'>tus</span> <span class='ocrx_word' id='word_1_162' title='bbox 2536 1929 2793 2004; x_wconf 71' lang='lat' dir='ltr'>menel-</span> 
     </span>
    </p>

    <p class='ocr_par' dir='ltr' id='par_1_7' title="bbox 445 2022 2797 2309">
     <span class='ocr_line' id='line_1_19' title="bbox 445 2022 2795 2120; baseline 0.002 -28"><span class='ocrx_word' id='word_1_163' title='bbox 445 2103 448 2106; x_wconf 34' lang='grc'>,</span> <span class='ocrx_word' id='word_1_164' title='bbox 648 2029 820 2120; x_wconf 82' lang='lat' dir='ltr'>gica,</span> <span class='ocrx_word' id='word_1_165' title='bbox 840 2043 977 2108; x_wconf 82' lang='lat' dir='ltr'>aut,</span> <span class='ocrx_word' id='word_1_166' title='bbox 1001 2022 1044 2093; x_wconf 84' lang='lat' dir='ltr'>fi</span> <span class='ocrx_word' id='word_1_167' title='bbox 1069 2044 1150 2092; x_wconf 89' lang='lat' dir='ltr'>ne</span> <span class='ocrx_word' id='word_1_168' title='bbox 1164 2024 1585 2117; x_wconf 81' lang='lat' dir='ltr'>tumquidem</span> <span class='ocrx_word' id='word_1_169' title='bbox 1603 2023 1659 2094; x_wconf 85' lang='lat' dir='ltr'>sa</span> <span class='ocrx_word' id='word_1_170' title='bbox 1710 2027 1823 2108; x_wconf 74' lang='lat' dir='ltr'>iat,</span> <span class='ocrx_word' id='word_1_171' title='bbox 1851 2045 2082 2094; x_wconf 83' lang='lat' dir='ltr'>exutus</span> <span class='ocrx_word' id='word_1_172' title='bbox 2100 2025 2379 2094; x_wconf 84' lang='lat' dir='ltr'>Oceano</span> <span class='ocrx_word' id='word_1_173' title='bbox 2402 2030 2478 2094; x_wconf 71' lang='grc' dir='ltr'>δε</span> <span class='ocrx_word' id='word_1_174' title='bbox 2496 2045 2795 2098; x_wconf 81' lang='lat' dir='ltr'>transma-</span> 
     </span>
     <span class='ocr_line' id='line_1_20' title="bbox 586 2109 2796 2214; baseline 0.002 -26"><span class='ocrx_word' id='word_1_175' title='bbox 586 2143 589 2146; x_wconf 60' lang='grc'>“</span> <span class='ocrx_word' id='word_1_176' title='bbox 643 2122 800 2188; x_wconf 82' lang='lat' dir='ltr'>riuis</span> <span class='ocrx_word' id='word_1_177' title='bbox 819 2119 1099 2214; x_wconf 85' lang='lat' dir='ltr'>imperiis</span> <span class='ocrx_word' id='word_1_178' title='bbox 1124 2170 1142 2201; x_wconf 87' lang='lat'>,</span> <span class='ocrx_word' id='word_1_179' title='bbox 1176 2119 1358 2212; x_wconf 90' lang='lat' dir='ltr'>quod</span> <span class='ocrx_word' id='word_1_180' title='bbox 1375 2120 1626 2190; x_wconf 81' lang='lat' dir='ltr'>Batavis</span> <span class='ocrx_word' id='word_1_181' title='bbox 1708 2117 2003 2214; x_wconf 82' lang='lat' dir='ltr'>nglisque</span> <span class='ocrx_word' id='word_1_182' title='bbox 2021 2139 2353 2212; x_wconf 84' lang='lat' dir='ltr'>promtum</span> <span class='ocrx_word' id='word_1_183' title='bbox 2369 2109 2612 2191; x_wconf 59' lang='lat' dir='ltr'>effe&amp;</span> <span class='ocrx_word' id='word_1_184' title='bbox 2633 2174 2655 2204; x_wconf 90' lang='lat'><strong>,</strong></span> <span class='ocrx_word' id='word_1_185' title='bbox 2690 2142 2796 2193; x_wconf 74' lang='lat' dir='ltr'>ve-</span> 
     </span>
     <span class='ocr_line' id='line_1_21' title="bbox 645 2207 2797 2309; baseline 0 -27"><span class='ocrx_word' id='word_1_186' title='bbox 645 2215 782 2282; x_wconf 87' lang='lat' dir='ltr'>niet</span> <span class='ocrx_word' id='word_1_187' title='bbox 796 2210 878 2282; x_wconf 88' lang='lat' dir='ltr'>ad</span> <span class='ocrx_word' id='word_1_188' title='bbox 903 2233 1114 2283; x_wconf 87' lang='lat' dir='ltr'>veram</span> <span class='ocrx_word' id='word_1_189' title='bbox 1133 2207 1583 2298; x_wconf 75' lang='lat' dir='ltr'>concordiam,</span> <span class='ocrx_word' id='word_1_190' title='bbox 1599 2215 1779 2307; x_wconf 88' lang='lat' dir='ltr'>cujus</span> <span class='ocrx_word' id='word_1_191' title='bbox 1799 2218 2050 2309; x_wconf 87' lang='lat' dir='ltr'>optima</span> <span class='ocrx_word' id='word_1_192' title='bbox 2069 2212 2282 2284; x_wconf 83' lang='lat' dir='ltr'>custos</span> <span class='ocrx_word' id='word_1_193' title='bbox 2296 2212 2797 2306; x_wconf 79' lang='lat' dir='ltr'>viriumaequali-</span> 
     </span>
    </p>

    <p class='ocr_par' dir='ltr' id='par_1_8' title="bbox 647 2302 2806 2499">
     <span class='ocr_line' id='line_1_22' title="bbox 651 2302 2799 2404; baseline 0.002 -29"><span class='ocrx_word' id='word_1_194' title='bbox 651 2324 776 2376; x_wconf 85' lang='lat' dir='ltr'>tas.</span> <span class='ocrx_word' id='word_1_195' title='bbox 828 2307 1032 2375; x_wconf 91' lang='lat' dir='ltr'>Nunc</span> <span class='ocrx_word' id='word_1_196' title='bbox 1054 2302 1358 2376; x_wconf 65' lang='lat' dir='ltr'>Ostendat</span> <span class='ocrx_word' id='word_1_197' title='bbox 1393 2309 1654 2378; x_wconf 87' lang='lat' dir='ltr'>tertium</span> <span class='ocrx_word' id='word_1_198' title='bbox 1680 2312 1744 2378; x_wconf 88' lang='lat' dir='ltr'>in</span> <span class='ocrx_word' id='word_1_199' title='bbox 1765 2330 2001 2379; x_wconf 87' lang='lat' dir='ltr'>annum</span> <span class='ocrx_word' id='word_1_200' title='bbox 2021 2305 2427 2404; x_wconf 81' lang='lat' dir='ltr'>protrahenti</span> <span class='ocrx_word' id='word_1_201' title='bbox 2444 2306 2611 2378; x_wconf 79' lang='lat' dir='ltr'>triste</span> <span class='ocrx_word' id='word_1_202' title='bbox 2624 2303 2799 2380; x_wconf 83' lang='lat' dir='ltr'>obfi-</span> 
     </span>
     <span class='ocr_line' id='line_1_23' title="bbox 647 2396 2806 2499; baseline 0.003 -32"><span class='ocrx_word' id='word_1_203' title='bbox 647 2397 857 2491; x_wconf 85' lang='lat' dir='ltr'>dium‚</span> <span class='ocrx_word' id='word_1_204' title='bbox 879 2396 1200 2469; x_wconf 84' lang='lat' dir='ltr'>succurras</span> <span class='ocrx_word' id='word_1_205' title='bbox 1222 2423 1517 2470; x_wconf 80' lang='lat' dir='ltr'>oramus:</span> <span class='ocrx_word' id='word_1_206' title='bbox 1543 2406 1865 2498; x_wconf 86' lang='lat' dir='ltr'>utarisque</span> <span class='ocrx_word' id='word_1_207' title='bbox 1889 2402 1989 2473; x_wconf 89' lang='lat' dir='ltr'>his</span> <span class='ocrx_word' id='word_1_208' title='bbox 2008 2402 2298 2492; x_wconf 72' lang='lat' dir='ltr'>navibu8‚</span> <span class='ocrx_word' id='word_1_209' title='bbox 2326 2400 2647 2499; x_wconf 77' lang='lat' dir='ltr'>quaejussu</span> <span class='ocrx_word' id='word_1_210' title='bbox 2660 2404 2806 2473; x_wconf 78' lang='lat' dir='ltr'>Re-</span> 
     </span>
    </p>

    <p class='ocr_par' dir='ltr' id='par_1_9' title="bbox 649 2493 2810 2690">
     <span class='ocr_line' id='line_1_24' title="bbox 652 2493 2805 2590; baseline 0.002 -27"><span class='ocrx_word' id='word_1_211' title='bbox 652 2496 823 2590; x_wconf 81' lang='lat' dir='ltr'>ginae</span> <span class='ocrx_word' id='word_1_212' title='bbox 837 2496 1027 2562; x_wconf 86' lang='lat' dir='ltr'>armis</span> <span class='ocrx_word' id='word_1_213' title='bbox 1044 2494 1345 2588; x_wconf 62' lang='lat' dir='ltr'>vidiuque</span> <span class='ocrx_word' id='word_1_214' title='bbox 1365 2493 1732 2565; x_wconf 64' lang='lat' dir='ltr'>instructam</span> <span class='ocrx_word' id='word_1_215' title='bbox 1754 2495 1945 2567; x_wconf 86' lang='lat' dir='ltr'>nobis</span> <span class='ocrx_word' id='word_1_216' title='bbox 1970 2496 2563 2576; x_wconf 76' lang='lat' dir='ltr'>undecim‘numero</span> <span class='ocrx_word' id='word_1_217' title='bbox 2590 2550 2613 2582; x_wconf 92' lang='lat'>,</span> <span class='ocrx_word' id='word_1_218' title='bbox 2643 2496 2805 2568; x_wconf 80' lang='lat' dir='ltr'>nihil</span> 
     </span>
     <span class='ocr_line' id='line_1_25' title="bbox 649 2588 2810 2690; baseline 0.004 -35"><span class='ocrx_word' id='word_1_219' title='bbox 649 2607 881 2684; x_wconf 80' lang='lat' dir='ltr'>praeter</span> <span class='ocrx_word' id='word_1_220' title='bbox 902 2590 1243 2683; x_wconf 83' lang='lat' dir='ltr'>imperium</span> <span class='ocrx_word' id='word_1_221' title='bbox 1264 2608 1478 2658; x_wconf 84' lang='lat' dir='ltr'>tamen</span> <span class='ocrx_word' id='word_1_222' title='bbox 1492 2608 1672 2658; x_wconf 88' lang='lat' dir='ltr'>tuum</span> <span class='ocrx_word' id='word_1_223' title='bbox 1694 2588 2078 2690; x_wconf 61' lang='lat' dir='ltr'>exspeQant.</span> <span class='ocrx_word' id='word_1_224' title='bbox 2126 2590 2234 2673; x_wconf 81' lang='lat' dir='ltr'>Ad</span> <span class='ocrx_word' id='word_1_225' title='bbox 2255 2590 2393 2662; x_wconf 80' lang='lat' dir='ltr'>haec</span> <span class='ocrx_word' id='word_1_226' title='bbox 2419 2590 2526 2660; x_wconf 88' lang='lat' dir='ltr'>ille</span> <span class='ocrx_word' id='word_1_227' title='bbox 2541 2592 2632 2662; x_wconf 89' lang='lat' dir='ltr'>de</span> <span class='ocrx_word' id='word_1_228' title='bbox 2650 2595 2810 2662; x_wconf 65' lang='lat' dir='ltr'>ami⁴</span> 
     </span>
    </p>

    <p class='ocr_par' dir='ltr' id='par_1_10' title="bbox 321 2680 2821 3157">
     <span class='ocr_line' id='line_1_26' title="bbox 440 2680 2812 2783; baseline 0.003 -31"><span class='ocrx_word' id='word_1_229' title='bbox 440 2702 450 2709; x_wconf 71' lang='grc'><strong><em>’</em></strong></span> <span class='ocrx_word' id='word_1_230' title='bbox 569 2736 574 2741; x_wconf 82' lang='lat'><em>.</em></span> <span class='ocrx_word' id='word_1_231' title='bbox 648 2684 802 2752; x_wconf 84' lang='lat' dir='ltr'>citia</span> <span class='ocrx_word' id='word_1_232' title='bbox 819 2680 1101 2778; x_wconf 83' lang='lat' dir='ltr'>benigne</span> <span class='ocrx_word' id='word_1_233' title='bbox 1138 2680 1504 2779; x_wconf 83' lang='lat' dir='ltr'>pollicitus,</span> <span class='ocrx_word' id='word_1_234' title='bbox 1546 2704 1848 2755; x_wconf 83' lang='lat' dir='ltr'>caeterum</span> <span class='ocrx_word' id='word_1_235' title='bbox 1888 2686 2065 2783; x_wconf 84' lang='lat' dir='ltr'>regni</span> <span class='ocrx_word' id='word_1_236' title='bbox 2104 2687 2460 2757; x_wconf 85' lang='lat' dir='ltr'>novitatem</span> <span class='ocrx_word' id='word_1_237' title='bbox 2477 2686 2812 2770; x_wconf 57' lang='lat' dir='ltr'>excunte,</span> 
     </span>
     <span class='ocr_line' id='line_1_27' title="bbox 365 2774 2811 2875; baseline 0.002 -28"><span class='ocrx_word' id='word_1_238' title='bbox 365 2774 624 2835; x_wconf 53' lang='grc' dir='ltr'>ΜΒ</span> <span class='ocrx_word' id='word_1_239' title='bbox 652 2774 1057 2871; x_wconf 82' lang='lat' dir='ltr'>visurumque</span> <span class='ocrx_word' id='word_1_240' title='bbox 1089 2780 1155 2847; x_wconf 90' lang='lat' dir='ltr'>in</span> <span class='ocrx_word' id='word_1_241' title='bbox 1178 2795 1478 2872; x_wconf 87' lang='lat' dir='ltr'>tempore</span> <span class='ocrx_word' id='word_1_242' title='bbox 1497 2777 1655 2872; x_wconf 88' lang='lat' dir='ltr'>quid</span> <span class='ocrx_word' id='word_1_243' title='bbox 1676 2779 1848 2850; x_wconf 64' lang='lat' dir='ltr'>saclu</span> <span class='ocrx_word' id='word_1_244' title='bbox 1879 2783 2202 2875; x_wconf 88' lang='lat' dir='ltr'>optimum</span> <span class='ocrx_word' id='word_1_245' title='bbox 2223 2831 2244 2864; x_wconf 90' lang='lat'>‚</span> <span class='ocrx_word' id='word_1_246' title='bbox 2281 2777 2448 2850; x_wconf 87' lang='lat' dir='ltr'>haud</span> <span class='ocrx_word' id='word_1_247' title='bbox 2469 2781 2698 2854; x_wconf 69' lang='lat' dir='ltr'>celans</span> <span class='ocrx_word' id='word_1_248' title='bbox 2720 2788 2811 2852; x_wconf 87' lang='lat' dir='ltr'>in-</span> 
     </span>
     <span class='ocr_line' id='line_1_28' title="bbox 321 2861 2817 2981; baseline 0.002 -40"><span class='ocrx_word' id='word_1_249' title='bbox 321 2862 489 2981; x_wconf 50' lang='lat' dir='ltr'><strong><em>m</em></strong></span> <span class='ocrx_word' id='word_1_250' title='bbox 515 2861 625 2925; x_wconf 60' lang='grc' dir='ltr'>Μ·</span> <span class='ocrx_word' id='word_1_251' title='bbox 652 2875 841 2942; x_wconf 82' lang='lat' dir='ltr'>terim</span> <span class='ocrx_word' id='word_1_252' title='bbox 881 2874 1056 2965; x_wconf 84' lang='lat' dir='ltr'>pacis</span> <span class='ocrx_word' id='word_1_253' title='bbox 1099 2865 1159 2941; x_wconf 89' lang='lat' dir='ltr'>se</span> <span class='ocrx_word' id='word_1_254' title='bbox 1190 2870 1450 2947; x_wconf 72' lang='lat' dir='ltr'>confina</span> <span class='ocrx_word' id='word_1_255' title='bbox 1490 2893 1618 2968; x_wconf 87' lang='lat' dir='ltr'>qua</span> <span class='ocrx_word' id='word_1_256' title='bbox 1658 2870 1867 2969; x_wconf 82' lang='lat' dir='ltr'>poffet</span> <span class='ocrx_word' id='word_1_257' title='bbox 1907 2872 2333 2969; x_wconf 79' lang='lat' dir='ltr'>praelaturum.</span> <span class='ocrx_word' id='word_1_258' title='bbox 2386 2873 2817 2975; x_wconf 81' lang='lat' dir='ltr'>Qippeipfi</span> 
     </span>
     <span class='ocr_line' id='line_1_29' title="bbox 458 2962 2817 3066; baseline 0.002 -30"><span class='ocrx_word' id='word_1_259' title='bbox 458 2962 481 2985; x_wconf 77' lang='lat'><strong>⁹</strong></span> <span class='ocrx_word' id='word_1_260' title='bbox 651 2988 803 3041; x_wconf 87' lang='lat' dir='ltr'>cum</span> <span class='ocrx_word' id='word_1_261' title='bbox 824 2963 1113 3062; x_wconf 82' lang='lat' dir='ltr'>Hispano</span> <span class='ocrx_word' id='word_1_262' title='bbox 1128 2965 1284 3037; x_wconf 82' lang='lat' dir='ltr'>nihil</span> <span class='ocrx_word' id='word_1_263' title='bbox 1308 2965 1607 3038; x_wconf 64' lang='lat' dir='ltr'>badienus</span> <span class='ocrx_word' id='word_1_264' title='bbox 1624 2966 1861 3040; x_wconf 84' lang='lat' dir='ltr'>hostile</span> <span class='ocrx_word' id='word_1_265' title='bbox 1897 2991 1920 3036; x_wconf 73' lang='grc' dir='ltr'><strong><em>ε</em></strong></span> <span class='ocrx_word' id='word_1_266' title='bbox 2019 2970 2127 3038; x_wconf 89' lang='lat' dir='ltr'>uin</span> <span class='ocrx_word' id='word_1_267' title='bbox 2148 2966 2318 3037; x_wconf 86' lang='lat' dir='ltr'>ultro</span> <span class='ocrx_word' id='word_1_268' title='bbox 2341 2966 2693 3066; x_wconf 74' lang='lat' dir='ltr'>Phiiippus</span> <span class='ocrx_word' id='word_1_269' title='bbox 2714 3024 2735 3056; x_wconf 92' lang='lat'>,</span> <span class='ocrx_word' id='word_1_270' title='bbox 2770 2966 2817 3041; x_wconf 85' lang='lat' dir='ltr'>fi</span> 
     </span>
     <span class='ocr_line' id='line_1_30' title="bbox 648 3057 2821 3157; baseline 0.002 -26"><span class='ocrx_word' id='word_1_271' title='bbox 648 3061 734 3137; x_wconf 90' lang='lat' dir='ltr'>de</span> <span class='ocrx_word' id='word_1_272' title='bbox 755 3082 962 3157; x_wconf 82' lang='lat' dir='ltr'>regno</span> <span class='ocrx_word' id='word_1_273' title='bbox 984 3057 1360 3135; x_wconf 86' lang='lat' dir='ltr'>certandum</span> <span class='ocrx_word' id='word_1_274' title='bbox 1380 3060 1556 3131; x_wconf 85' lang='lat' dir='ltr'>foret</span> <span class='ocrx_word' id='word_1_275' title='bbox 1579 3113 1598 3146; x_wconf 89' lang='lat'><strong>,</strong></span> <span class='ocrx_word' id='word_1_276' title='bbox 1633 3063 1937 3134; x_wconf 80' lang='lat' dir='ltr'>auxilium</span> <span class='ocrx_word' id='word_1_277' title='bbox 1965 3066 1976 3078; x_wconf 87' lang='grc'><strong>”</strong></span> <span class='ocrx_word' id='word_1_278' title='bbox 2028 3059 2251 3132; x_wconf 87' lang='lat' dir='ltr'>isuum</span> <span class='ocrx_word' id='word_1_279' title='bbox 2281 3060 2625 3135; x_wconf 85' lang='lat' dir='ltr'>obtulerat</span> <span class='ocrx_word' id='word_1_280' title='bbox 2658 3089 2682 3133; x_wconf 76' lang='grc' dir='ltr'>ε</span> <span class='ocrx_word' id='word_1_281' title='bbox 2722 3071 2821 3136; x_wconf 85' lang='lat' dir='ltr'>in-</span> 
     </span>
    </p>

    <p class='ocr_par' dir='ltr' id='par_1_11' title="bbox 588 3154 2826 3724">
     <span class='ocr_line' id='line_1_31' title="bbox 588 3154 2821 3252; baseline 0.002 -28"><span class='ocrx_word' id='word_1_282' title='bbox 588 3154 592 3158; x_wconf 83' lang='grc'>’</span> <span class='ocrx_word' id='word_1_283' title='bbox 644 3157 911 3251; x_wconf 84' lang='lat' dir='ltr'>genium</span> <span class='ocrx_word' id='word_1_284' title='bbox 930 3175 1200 3251; x_wconf 89' lang='lat' dir='ltr'>quoque</span> <span class='ocrx_word' id='word_1_285' title='bbox 1240 3159 1440 3240; x_wconf 88' lang='lat' dir='ltr'>mite,</span> <span class='ocrx_word' id='word_1_286' title='bbox 1483 3160 1556 3226; x_wconf 72' lang='grc' dir='ltr'>δε</span> <span class='ocrx_word' id='word_1_287' title='bbox 1595 3178 1795 3228; x_wconf 87' lang='lat' dir='ltr'>omne</span> <span class='ocrx_word' id='word_1_288' title='bbox 1829 3178 2032 3252; x_wconf 79' lang='lat' dir='ltr'>genus</span> <span class='ocrx_word' id='word_1_289' title='bbox 2067 3156 2421 3227; x_wconf 82' lang='lat' dir='ltr'>litterarum</span> <span class='ocrx_word' id='word_1_290' title='bbox 2438 3157 2661 3230; x_wconf 81' lang='lat' dir='ltr'>studia</span> <span class='ocrx_word' id='word_1_291' title='bbox 2686 3212 2712 3245; x_wconf 86' lang='lat'>‚</span> <span class='ocrx_word' id='word_1_292' title='bbox 2754 3163 2821 3228; x_wconf 85' lang='lat' dir='ltr'>in</span> 
     </span>
     <span class='ocr_line' id='line_1_32' title="bbox 642 3252 2821 3347; baseline 0.002 -29"><span class='ocrx_word' id='word_1_293' title='bbox 642 3253 827 3344; x_wconf 81' lang='lat' dir='ltr'>queis</span> <span class='ocrx_word' id='word_1_294' title='bbox 849 3267 1104 3319; x_wconf 79' lang='lat' dir='ltr'>aetatem</span> <span class='ocrx_word' id='word_1_295' title='bbox 1119 3269 1345 3347; x_wconf 79' lang='lat' dir='ltr'>egerat</span> <span class='ocrx_word' id='word_1_296' title='bbox 1368 3302 1389 3334; x_wconf 91' lang='lat'>‚</span> <span class='ocrx_word' id='word_1_297' title='bbox 1427 3253 1628 3344; x_wconf 89' lang='lat' dir='ltr'>quieti</span> <span class='ocrx_word' id='word_1_298' title='bbox 1652 3272 1849 3344; x_wconf 84' lang='lat' dir='ltr'>quam</span> <span class='ocrx_word' id='word_1_299' title='bbox 1865 3253 2411 3346; x_wconf 82' lang='lat' dir='ltr'>armis&#39;propiora.</span> <span class='ocrx_word' id='word_1_300' title='bbox 2463 3252 2821 3324; x_wconf 73' lang='lat' dir='ltr'>Archiduz</span> 
     </span>
     <span class='ocr_line' id='line_1_33' title="bbox 639 3341 2821 3441; baseline 0.003 -30"><span class='ocrx_word' id='word_1_301' title='bbox 639 3364 911 3438; x_wconf 87' lang='lat' dir='ltr'>quoque</span> <span class='ocrx_word' id='word_1_302' title='bbox 931 3364 1081 3413; x_wconf 89' lang='lat' dir='ltr'>cum</span> <span class='ocrx_word' id='word_1_303' title='bbox 1106 3345 1358 3441; x_wconf 82' lang='lat' dir='ltr'>Regina</span> <span class='ocrx_word' id='word_1_304' title='bbox 1378 3397 1397 3428; x_wconf 93' lang='lat'>,</span> <span class='ocrx_word' id='word_1_305' title='bbox 1444 3367 1580 3414; x_wconf 86' lang='lat' dir='ltr'>non</span> <span class='ocrx_word' id='word_1_306' title='bbox 1614 3368 1765 3415; x_wconf 89' lang='lat' dir='ltr'>cum</span> <span class='ocrx_word' id='word_1_307' title='bbox 1781 3366 1986 3439; x_wconf 87' lang='lat' dir='ltr'>regno</span> <span class='ocrx_word' id='word_1_308' title='bbox 2009 3343 2123 3415; x_wconf 85' lang='lat' dir='ltr'>fibi</span> <span class='ocrx_word' id='word_1_309' title='bbox 2142 3343 2381 3415; x_wconf 82' lang='lat' dir='ltr'>bellum</span> <span class='ocrx_word' id='word_1_310' title='bbox 2396 3341 2592 3418; x_wconf 71' lang='lat' dir='ltr'>finfle</span> <span class='ocrx_word' id='word_1_311' title='bbox 2613 3351 2821 3418; x_wconf 62' lang='lat' dir='ltr'>inte:-</span> 
     </span>
     <span class='ocr_line' id='line_1_34' title="bbox 642 3435 2821 3537; baseline 0.002 -30"><span class='ocrx_word' id='word_1_312' title='bbox 642 3456 954 3533; x_wconf 69' lang='lat' dir='ltr'>pietatm,</span> <span class='ocrx_word' id='word_1_313' title='bbox 976 3458 1260 3510; x_wconf 84' lang='lat' dir='ltr'>vetuerat</span> <span class='ocrx_word' id='word_1_314' title='bbox 1291 3437 1510 3508; x_wconf 63' lang='lat' dir='ltr'>edicto</span> <span class='ocrx_word' id='word_1_315' title='bbox 1522 3438 1758 3535; x_wconf 70' lang='lat' dir='ltr'>Anglis</span> <span class='ocrx_word' id='word_1_316' title='bbox 1778 3441 1999 3510; x_wconf 86' lang='lat' dir='ltr'>noceri</span> <span class='ocrx_word' id='word_1_317' title='bbox 2026 3492 2046 3524; x_wconf 91' lang='lat'>,</span> <span class='ocrx_word' id='word_1_318' title='bbox 2065 3435 2324 3509; x_wconf 80' lang='lat' dir='ltr'>dimisso</span> <span class='ocrx_word' id='word_1_319' title='bbox 2341 3437 2609 3535; x_wconf 76' lang='lat' dir='ltr'>insuper</span> <span class='ocrx_word' id='word_1_320' title='bbox 2629 3437 2821 3537; x_wconf 83' lang='lat' dir='ltr'>quod</span> 
     </span>
     <span class='ocr_line' id='line_1_35' title="bbox 637 3531 2826 3631; baseline 0.001 -29"><span class='ocrx_word' id='word_1_321' title='bbox 637 3536 812 3602; x_wconf 88' lang='lat' dir='ltr'>inter</span> <span class='ocrx_word' id='word_1_322' title='bbox 829 3532 1118 3628; x_wconf 75' lang='lat' dir='ltr'>captiv‘os</span> <span class='ocrx_word' id='word_1_323' title='bbox 1139 3535 1274 3628; x_wconf 79' lang='lat' dir='ltr'>ejus</span> <span class='ocrx_word' id='word_1_324' title='bbox 1290 3537 1502 3631; x_wconf 85' lang='lat' dir='ltr'>gentis</span> <span class='ocrx_word' id='word_1_325' title='bbox 1537 3557 1555 3601; x_wconf 73' lang='grc' dir='ltr'><em>τ</em></span> <span class='ocrx_word' id='word_1_326' title='bbox 1601 3555 1757 3602; x_wconf 81' lang='lat' dir='ltr'>mox</span> <span class='ocrx_word' id='word_1_327' title='bbox 1782 3532 2057 3631; x_wconf 85' lang='lat' dir='ltr'>legatum</span> <span class='ocrx_word' id='word_1_328' title='bbox 2076 3531 2243 3603; x_wconf 87' lang='lat' dir='ltr'>mifit</span> <span class='ocrx_word' id='word_1_329' title='bbox 2266 3531 2591 3604; x_wconf 84' lang='lat' dir='ltr'>Carolurn</span> <span class='ocrx_word' id='word_1_330' title='bbox 2610 3538 2826 3607; x_wconf 79' lang='lat' dir='ltr'>Aren-</span> 
     </span>
     <span class='ocr_line' id='line_1_36' title="bbox 640 3625 2825 3724; baseline 0.001 -28"><span class='ocrx_word' id='word_1_331' title='bbox 640 3625 883 3722; x_wconf 77' lang='lat' dir='ltr'>bergiae</span> <span class='ocrx_word' id='word_1_332' title='bbox 909 3629 1266 3722; x_wconf 86' lang='lat' dir='ltr'>principem</span> <span class='ocrx_word' id='word_1_333' title='bbox 1293 3678 1311 3712; x_wconf 89' lang='lat'>,</span> <span class='ocrx_word' id='word_1_334' title='bbox 1354 3626 1531 3700; x_wconf 86' lang='lat' dir='ltr'>fimul</span> <span class='ocrx_word' id='word_1_335' title='bbox 1567 3625 1887 3723; x_wconf 83' lang='lat' dir='ltr'>Hispanus</span> <span class='ocrx_word' id='word_1_336' title='bbox 1924 3626 2278 3699; x_wconf 82' lang='lat' dir='ltr'>Iohannem</span> <span class='ocrx_word' id='word_1_337' title='bbox 2297 3628 2671 3724; x_wconf 82' lang='lat' dir='ltr'>Baptistam</span> <span class='ocrx_word' id='word_1_338' title='bbox 2684 3632 2825 3702; x_wconf 83' lang='lat' dir='ltr'>Ta·</span> 
     </span>
    </p>

    <p class='ocr_par' dir='ltr' id='par_1_12' title="bbox 630 3718 2833 4272">
     <span class='ocr_line' id='line_1_37' title="bbox 636 3718 2823 3818; baseline 0.001 -27"><span class='ocrx_word' id='word_1_339' title='bbox 636 3724 771 3791; x_wconf 80' lang='lat' dir='ltr'>xim</span> <span class='ocrx_word' id='word_1_340' title='bbox 799 3772 820 3804; x_wconf 93' lang='lat'><strong>‚</strong></span> <span class='ocrx_word' id='word_1_341' title='bbox 916 3723 1011 3791; x_wconf 85' lang='lat' dir='ltr'>aci</span> <span class='ocrx_word' id='word_1_342' title='bbox 1056 3720 1516 3818; x_wconf 62' lang='lat' dir='ltr'>promovendas</span> <span class='ocrx_word' id='word_1_343' title='bbox 1558 3774 1579 3807; x_wconf 90' lang='lat'>‚</span> <span class='ocrx_word' id='word_1_344' title='bbox 1626 3721 1710 3791; x_wconf 88' lang='lat' dir='ltr'>de</span> <span class='ocrx_word' id='word_1_345' title='bbox 1753 3744 1880 3817; x_wconf 88' lang='lat' dir='ltr'>qua</span> <span class='ocrx_word' id='word_1_346' title='bbox 1917 3746 2090 3793; x_wconf 88' lang='lat' dir='ltr'>anno</span> <span class='ocrx_word' id='word_1_347' title='bbox 2132 3718 2433 3816; x_wconf 88' lang='lat' dir='ltr'>sequente</span> <span class='ocrx_word' id='word_1_348' title='bbox 2466 3728 2823 3796; x_wconf 80' lang='lat' dir='ltr'>convenit.</span> 
     </span>
     <span class='ocr_line' id='line_1_38' title="bbox 635 3813 2818 3913; baseline 0.003 -29"><span class='ocrx_word' id='word_1_349' title='bbox 635 3816 830 3909; x_wconf 79' lang='lat' dir='ltr'>Hanc</span> <span class='ocrx_word' id='word_1_350' title='bbox 945 3835 1243 3888; x_wconf 82' lang='lat' dir='ltr'>tavotum</span> <span class='ocrx_word' id='word_1_351' title='bbox 1262 3814 1498 3913; x_wconf 85' lang='lat' dir='ltr'>legati,</span> <span class='ocrx_word' id='word_1_352' title='bbox 1545 3839 1693 3886; x_wconf 92' lang='lat' dir='ltr'>cum</span> <span class='ocrx_word' id='word_1_353' title='bbox 1716 3816 2062 3912; x_wconf 69' lang='lat' dir='ltr'>praecidere</span> <span class='ocrx_word' id='word_1_354' title='bbox 2081 3840 2211 3888; x_wconf 87' lang='lat' dir='ltr'>non</span> <span class='ocrx_word' id='word_1_355' title='bbox 2329 3813 2539 3903; x_wconf 75' lang='lat' dir='ltr'>ssent,</span> <span class='ocrx_word' id='word_1_356' title='bbox 2567 3820 2818 3890; x_wconf 68' lang='lat' dir='ltr'>morati</span> 
     </span>
     <span class='ocr_line' id='line_1_39' title="bbox 636 3906 2821 4007; baseline 0.001 -27"><span class='ocrx_word' id='word_1_357' title='bbox 636 3906 1009 3980; x_wconf 81' lang='lat' dir='ltr'>nitebantur</span> <span class='ocrx_word' id='word_1_358' title='bbox 1032 3962 1053 3994; x_wconf 87' lang='lat'><strong>‚</strong></span> <span class='ocrx_word' id='word_1_359' title='bbox 1087 3934 1166 3980; x_wconf 85' lang='lat' dir='ltr'>ac</span> <span class='ocrx_word' id='word_1_360' title='bbox 1200 3907 1375 4007; x_wconf 87' lang='lat' dir='ltr'>spem</span> <span class='ocrx_word' id='word_1_361' title='bbox 1407 3911 1580 4007; x_wconf 87' lang='lat' dir='ltr'>Regi</span> <span class='ocrx_word' id='word_1_362' title='bbox 1598 3908 1809 3983; x_wconf 84' lang='lat' dir='ltr'>facere</span> <span class='ocrx_word' id='word_1_363' title='bbox 1834 3963 1855 3998; x_wconf 91' lang='lat'>,</span> <span class='ocrx_word' id='word_1_364' title='bbox 1900 3909 2080 4007; x_wconf 83' lang='lat' dir='ltr'>poffe</span> <span class='ocrx_word' id='word_1_365' title='bbox 2105 3914 2178 3981; x_wconf 85' lang='lat'>&amp;</span> <span class='ocrx_word' id='word_1_366' title='bbox 2293 3913 2484 3983; x_wconf 83' lang='lat' dir='ltr'>icum</span> <span class='ocrx_word' id='word_1_367' title='bbox 2500 3911 2821 3986; x_wconf 66' lang='lat' dir='ltr'>libem</span> 
     </span>
     <span class='ocr_line' id='line_1_40' title="bbox 635 4001 2827 4108; baseline 0.003 -36"><span class='ocrx_word' id='word_1_368' title='bbox 635 4025 863 4101; x_wconf 80' lang='lat' dir='ltr'>pacem</span> <span class='ocrx_word' id='word_1_369' title='bbox 884 4003 1229 4099; x_wconf 86' lang='lat' dir='ltr'>obtingere</span> <span class='ocrx_word' id='word_1_370' title='bbox 1252 4057 1275 4092; x_wconf 84' lang='lat'>,</span> <span class='ocrx_word' id='word_1_371' title='bbox 1325 4004 1371 4077; x_wconf 84' lang='lat' dir='ltr'>fi</span> <span class='ocrx_word' id='word_1_372' title='bbox 1405 4007 1553 4075; x_wconf 80' lang='lat' dir='ltr'>Rex</span> <span class='ocrx_word' id='word_1_373' title='bbox 1585 4005 1955 4099; x_wconf 70' lang='lat' dir='ltr'>cun&amp;ando</span> <span class='ocrx_word' id='word_1_374' title='bbox 2012 4001 2433 4078; x_wconf 82' lang='lat' dir='ltr'>maturescere</span> <span class='ocrx_word' id='word_1_375' title='bbox 2474 4024 2827 4108; x_wconf 73' lang='lat' dir='ltr'>pateretur</span> 
     </span>
     <span class='ocr_line' id='line_1_41' title="bbox 630 4095 2833 4272; baseline 0.001 -100"><span class='ocrx_word' id='word_1_376' title='bbox 630 4095 923 4195; x_wconf 77' lang='lat' dir='ltr'>pendeus</span> <span class='ocrx_word' id='word_1_377' title='bbox 955 4096 1166 4169; x_wconf 84' lang='lat' dir='ltr'>adhuc</span> <span class='ocrx_word' id='word_1_378' title='bbox 1187 4121 1242 4185; x_wconf 63' lang='lat' dir='ltr'>¹e</span> <span class='ocrx_word' id='word_1_379' title='bbox 1280 4121 1640 4197; x_wconf 78' lang='lat' dir='ltr'>paucorum</span> <span class='ocrx_word' id='word_1_380' title='bbox 1676 4122 1994 4185; x_wconf 76' lang='lat' dir='ltr'>annorum</span> <span class='ocrx_word' id='word_1_381' title='bbox 2023 4119 2255 4189; x_wconf 61' lang='lat' dir='ltr'>eventu</span> <span class='ocrx_word' id='word_1_382' title='bbox 2279 4102 2556 4202; x_wconf 73' lang='lat' dir='ltr'>Hispani</span> <span class='ocrx_word' id='word_1_383' title='bbox 2598 4099 2833 4272; x_wconf 59' lang='lat' dir='ltr'>clpnfi·</span> 
     </span>
     <span class='ocr_line' id='line_1_42' title="bbox 2678 4220 2829 4269; baseline -0.013 1"><span class='ocrx_word' id='word_1_384' title='bbox 2678 4220 2829 4269; x_wconf 81' lang='lat' dir='ltr'>mn.</span> 
     </span>
    </p>
   </div>
  </div>
 </body>
</html>
