2900 4628
358 183 1404 291 ‘nis‘roninssvm
1490 222 1733 296 mn.
1814 223 2039 294 vm.
2163 231 2288 319 365

135 315 322 412 bere,
369 347 642 409 onerare
666 318 888 398 currus
914 378 937 411 ,
975 345 1187 423 equos
1216 326 1466 399 curules
1486 348 1698 424 neque
1714 328 1911 401 noste
1931 327 2097 399 ullos
2122 380 2144 414 ,
2184 353 2297 400 ne·
2352 361 2558 436 1599-
2597 404 2604 413 ,

133 417 263 523 que
297 418 380 490 de
418 419 526 491 die
559 419 831 491 cuneos
872 416 1046 515 sejun
1093 441 1225 490 ere.
1293 420 1542 492 Multas
1564 428 1995 519 maximasque
2013 446 2151 493 non
2173 424 2297 492 im-

132 517 371 584 merito
407 519 886 609 oportunitates
922 537 1006 585 ex
1097 514 1399 587 ommelia
1415 514 1614 588 insula
1636 515 1762 587 His
1796 541 1898 588 ani
1914 512 2296 613 sperabant,

133 606 497 710 primorum
526 608 668 679 illic
700 616 988 680 amnium
1026 604 1309 679 claustris
1342 662 1364 695 ,
1420 613 1496 678 δι
1529 616 1594 680 in
1630 542 1872 681 hoifuis
1900 614 2038 706 agri
2072 611 2295 681 intima

133 726 271 778 non
309 727 442 774 uno
473 702 764 774 tranfitu.
838 701 1145 773 Rhenum
1168 725 1296 798 qua
1315 702 1576 775 Vahalis
1601 705 1836 775 dicitur
1852 704 2012 774 olim
2028 724 2298 798 quoque

133 791 349 871 Motae
386 798 744 868 admixtum
785 800 852 868 in
887 798 1226 868 Oceanum
1265 791 1514 868 fluxiffe
1549 852 1570 885 ‚
1618 799 1937 869 Romanis
1971 793 2298 893 scriptori·

132 890 258 987 bus
296 892 555 965 abunde
591 890 1088 966 demonstratur,
1159 891 1287 963 Sed
1319 890 1529 963 media
1549 902 1843 988 tempora
1864 891 2109 964 crebris
2129 889 2300 973 diiu-

134 989 255 1060 viis
283 1037 306 1072 ,
354 986 648 1056 nondum
682 1008 757 1056 ea
792 1007 936 1082 quae
974 1007 1144 1058 nunc
1178 984 1271 1057 est
1289 1009 1372 1085 ag
1456 1009 1599 1095 rqm
1617 1010 1771 1059 cura
1794 1039 1817 1074 ,
1862 984 2136 1082 quantas
2159 1009 2299 1055 mu-

134 1083 420 1155 rationes
457 1081 785 1169 attulerint
813 1131 835 1166 ‚
884 1078 1013 1150 dici
1035 1104 1170 1150 non
1192 1009 1456 1177 poteiff
1469 1101 1645 1153 mm
1669 1104 1790 1151 nec
1811 1084 1899 1152 ita
1915 1079 2160 1155 dudum
2180 1078 2303 1149 alia

136 1164 389 1269 fluxisse
420 1172 676 1259 Mosam
712 1195 968 1269 patrum
988 1179 1403 1253 monumenta
1429 1229 1450 1262 ‚
1503 1179 1576 1243 &
1597 1172 2113 1245 tranqueusdam
2134 1194 2302 1244 vete·

138 1274 229 1362 ris
251 1271 414 1340 alvei
437 1291 676 1345 nomen
693 1267 975 1340 testetur.
1033 1271 1235 1339 Nunc
1253 1271 1521 1364 quidem
1540 1273 1628 1340 ita
1648 1268 1708 1342 ίὲ
1729 1293 1829 1339 res
1851 1268 2065 1340 habet.
2119 1269 2299 1359 Qae

139 1368 294 1462 pars
327 1361 611 1435 Geldriae
646 1361 858 1434 subter
897 1361 1148 1437 Clivios
1183 1366 1347 1436 inter
1378 1383 1723 1461 utrumque
1757 1360 1998 1435 flumen
2020 1384 2297 1457 procur-

138 1462 229 1547 rit
268 1509 290 1541 ,
338 1456 751 1529 Mofivahalia
784 1457 1016 1532 incolis
1047 1463 1132 1530 ex
1165 1480 1236 1528 re
1271 1457 1587 1556 appellata
1626 1511 1649 1545 ,
1697 1456 1918 1547 senfim
1956 1476 2252 1528 tenuatur
2275 1506 2297 1541 ,
2323 1442 2618 1531 &stubl-

143 1555 224 1620 &
254 1548 336 1620 ad
374 1550 776 1623 confluentes
807 1550 954 1623 finit
979 1607 1002 1640 ,
1047 1556 1159 1651 qui
1183 1552 1511 1626 Vorenam
1531 1554 1791 1625 iniuiam
1812 1552 1989 1625 brevi
2011 1549 2306 1622 interval·
2328 1519 2551 1597 ΨΜ·

134 1643 212 1737 [ο
247 1646 349 1716 bis
384 1652 566 1742 aquis
600 1650 954 1743 permixtus
974 1646 1373 1725 constituunt
1407 1673 1427 1718 ε
1478 1648 1648 1725 uude
1663 1643 1916 1718 discreti
1934 1642 2141 1717 rursus
2164 1667 2306 1715 am·

137 1761 261 1815 nes
283 1792 308 1825 ‚
353 1739 605 1813 cursum
637 1746 913 1838 quisque
954 1740 1132 1812 suum
1166 1742 1609 1839 persequitur,
1657 1740 1902 1815 servato
1937 1736 2258 1814 vocabulo
2278 1788 2302 1824 ‚
2331 1774 2467 1835 vrbis
2487 1777 2620 1851 543,-

137 1833 360 1913 donec
381 1857 613 1904 iterum
633 1857 873 1906 coeunt
892 1889 915 1922 ,
933 1836 1210 1933 amplexi
1221 1834 1459 1930 justam
1483 1834 1745 1908 insulam
1763 1888 1786 1923 ,
1810 1834 2102 1909 Geldrici
2131 1854 2301 1904 nunc
2326 1842 2617 1925 laquem

138 1929 303 1998 'uris
333 1981 354 2014 ,
401 1931 580 2025 cujus
620 1952 810 2029 caput
854 1930 1181 2002 Harvarda
1218 1933 1393 2001 vicus
1419 1981 1443 2019 ,
1487 1929 1638 2002 finis
1675 1926 1787 2009 arx
1822 1928 2299 2007 Lovestenium.
2325 1920 2585 2008 ¹¹⁸4&ss

132 1953 427 2102 &omen
467 2048 558 2120 op
610 2024 700 2092 idi
729 2024 819 2096 ab
858 2019 1051 2097 insula
1079 2024 1416 2097 Bommela
1439 2026 1478 2112 ,'
1508 2047 1704 2121 quam
1742 2020 1963 2094 medio
1983 2022 2189 2094 ferme
2215 1996 2525 2092 suimm·

140 2117 414 2211 Vahalis
447 2119 570 2197 alla,
617 2122 744 2187 itur
778 2141 798 2188 ε
837 2140 911 2189 ea
944 2120 1169 2190 civitas
1208 2116 1541 2193 Albanicis
1560 2116 1964 2214 temporibus
1985 2120 2152 2189 inter
2174 2118 2310 2214 pri-

140 2235 289 2306 rnas
325 2208 584 2287 exuerat
620 2208 1027 2298 servitutem3
1074 2214 1227 2285 inde
1262 2234 1412 2285 cum
1448 2210 1791 2286 Hollandis
1821 2211 1996 2282 aista
2036 2208 2186 2310 ipfis
2205 2207 2305 2281 so-

139 2310 401 2402 cietas,
447 2304 632 2404 quod
665 2309 945 2380 invicem
979 2309 1385 2379 munimento
1406 2306 1630 2385 effent.
1693 2309 1865 2381 Nou
1898 2305 2098 2407 longe
2133 2307 2307 2375 Har·
2407 2355 2412 2364 1

139 2402 345 2477 varda
377 2405 748 2498 'proximant
780 2405 1065 2473 amnium
1105 2397 1357 2489 flexus,
1402 2398 1778 2501 rursumque
1808 2406 2091 2500 aperitur
2109 2398 2308 2472 insula
2441 2411 2448 2422 “
2507 2411 2512 2418 “

140 2488 539 2567 Roffemum
574 2500 640 2566 iu
674 2499 887 2567 vicum
913 2548 934 2581 ‚
980 2498 1256 2566 Martini
1295 2494 1752 2572 Roffemienfis
1786 2519 1940 2569 ortu
1972 2494 2257 2568 nobilem
2282 2543 2306 2578 ,

141 2595 267 2688 qui
291 2587 644 2686 imperante
669 2590 921 2662 Carolo
944 2588 1400 2687 populabunda
1417 2607 1608 2664 manu
1639 2589 1968 2689 Belgicam
1995 2644 2018 2677 ,
2056 2593 2145 2661 νδε
2164 2612 2313 2658 mu·

141 2688 306 2772 tatis
348 2684 634 2781 partibus
668 2682 941 2756 Galliam
979 2689 1375 2782 penetravit3
1425 2685 1578 2758 hinc
1597 2686 1795 2784 longe
1821 2683 2048 2758 diverfi
2071 2682 2306 2754 fluunt.

146 2778 289 2855 Sed
323 2775 726 2864 ambitiofior
769 2778 962 2848 Mola
1000 2785 1073 2849 δι
1109 2777 1585 2869 Brabantorum
1617 2786 1786 2877 agris
1820 2778 2058 2878 largius
2095 2774 2309 2848 indul·
2371 2807 2586 2868 Whff‚

144 2869 319 2976 'gens
355 2877 437 2961 in
458 2871 704 2944 austros
739 2866 876 2944 abit
901 2925 922 2962 ,
972 2895 1100 2970 qua
1134 2870 1576 2968 Sylvamducis
1595 2876 1820 2971 aspicit
1837 2871 2138 2944 correcto
2160 2893 2306 2938 cur·-
2340 2883 2571 2967 unfit-qus

147 2973 228 3052 iu
264 3020 287 3054 ,
358 2967 468 3041 ubi
513 2966 1015 3064 Crepicordium
1055 2969 1222 3037 iuter
1260 2974 1730 3040 munimentum
1767 2990 2109 3063 arcemque
2141 2970 2305 3036 intra
2337 2971 2475 3011 ‘vm‘
2507 2968 2592 3010 ‘¹‘-

145 3061 468 3147 insulam,
514 3084 709 3157 quam
746 3059 1007 3132 Helium
1035 3081 1317 3149 vocant,
1366 3062 1615 3133 medius
1636 3061 1878 3134 tranfiit
1902 3114 1924 3148 ,
1971 3057 2315 3131 Hollandi-
2333 3026 2514 3101 ΨΜ·

149 3160 247 3233 ἐο
287 3154 592 3253 deinceps
628 3143 770 3226 solo
806 3159 1127 3256 excipitur
1152 3206 1173 3240 ,
1222 3178 1299 3227 ac
1327 3156 1597 3227 modico
1616 3154 2016 3230 suidivortio
2037 3160 2319 3248 Hemer-
2421 3211 2422 3214 ,

151 3250 302 3326 'tam
342 3251 607 3323 iuiulam
638 3250 1117 3346 circsumduRus
1155 3301 1178 3335 ,
1225 3248 1444 3322 Heusd
1553 3272 1631 3322 ue
1667 3255 1912 3323 moenia
1949 3255 2271 3348 attingens
2297 3301 2320 3336 ‚

154 3365 396 3442 paetera
441 3354 690 3441 integer
723 3343 1020 3414 conficit.
1064 3344 1068 3349 ’
1120 3342 1318 3441 Spem
1356 3346 1498 3417 iuva
1547 3345 1698 3417 endi
1733 3345 1869 3417 baec
1906 3346 2054 3420 loca
2089 3340 2322 3445 Hispa-

154 3444 271 3529 pis
313 3462 618 3511 auxerant
657 3437 883 3520 diverfi
927 3435 1173 3509 indices
1195 3437 1354 3508 miffi
1388 3438 1631 3537 Alpina
1649 3439 1727 3511 ad
1744 3442 1898 3539 juga
1921 3494 1943 3526 ,
1992 3444 2107 3537 qui
2144 3448 2322 3517 nives

153 3533 366 3622 finito
431 3539 716 3612 minores
783 3529 1042 3603 modica
1098 3534 1385 3604 amnium
1440 3537 1834 3610 incrementa
1901 3539 2281 3630 promittere
2300 3595 2322 3630 ‚

151 3625 477 3718 ,consensu
513 3628 964 3722 renuntiabant
1003 3650 1024 3718 ;
1066 3628 1365 3726 ⁵partibus
1403 3682 1426 3716 ,
1476 3653 1614 3702 non
1648 3633 1908 3727 agmine
1943 3632 2040 3701 ire
2074 3630 2272 3705 visum
2301 3689 2325 3724 ,

162 3745 245 3794 ut
286 3748 485 3821 quam
522 3721 865 3795 diutiffime
910 3722 995 3793 ad
1036 3724 1518 3813 Gravewartam
1563 3723 1914 3800 castrorum
1949 3727 2170 3823 imago
2206 3731 2329 3802 bo-

163 3816 334 3890 stem
353 3840 733 3908 moraretur.
805 3818 1075 3914 Sapenae
1095 3821 1330 3914 igitur,
1377 3822 1494 3913 qui
1514 3821 1705 3905 Genu
1792 3841 1888 3905 π,
1920 3817 2090 3914 velut
2113 3833 2357 3895 tutan-'

161 3910 302 3988 idos
339 3910 420 3983 ad
451 3932 856 3985 commeatus
880 3963 903 3997 ,
951 3910 1210 3981 haeserat
1230 3910 1535 3982 haetenus
1562 3965 1584 3996 ,
1627 3936 1663 3981 a
1760 3915 1832 3983 iti
1865 3909 2080 3985 subito
2103 3918 2330 3990 Bario-

169 4026 242 4076 αι
269 4012 344 4076 δι
364 4006 679 4100 Stanleius
702 4060 725 4092 ‚
772 4030 919 4075 cum
942 4003 1068 4102 suis
1089 4004 1475 4096 cohortibus
1500 4004 1845 4102 Hispanica
1877 4060 1901 4094 ‚
1949 4009 2288 4083 Walonica
2305 4067 2330 4100 ,

166 4099 472 4188 Hiberna
490 4152 535 4193 ᾗ,
571 4101 982 4193 &Hernico
1018 4098 1534 4200 Herenbergenfi
1552 4099 1846 4188 ⁴diitstore
1880 4108 2129 4200 equites
2168 4128 2334 4198 qua-

2150 4197 2327 4270 drin-
