2900 4628
593 187 846 258 4¹2-
1027 163 1684 240 HVGONIS
1802 161 2327 238 cRoTn

327 283 539 353 1601.
595 274 948 346 Silvaducis
988 275 1224 372 placuit
1248 270 1464 438 ,hpost
1490 259 1825 343 discidium
1861 293 1896 341 a
1924 268 2172 341 foedere
2200 290 2535 363 nunquam
2557 292 2753 367 aper-
2800 245 2807 250 ,

305 395 554 454 Fadum·
598 377 673 439 to
714 369 887 440 bello
929 388 1194 439 tentata.

1342 390 1418 437 ec
1461 363 1818 465 praefidium
1855 385 2008 434 tunc
2036 362 2207 435 aliud
2231 377 2275 449 ,“
2294 369 2498 458 'quam
2517 385 2755 435 centu-

274 464 564 523 imere’msil-
597 467 709 534 riae
746 460 888 531 duae
920 481 955 548 ‚·
990 483 1218 532 turmae
1252 460 1533 531 totidem
1557 513 1577 543 ‚
1626 457 1864 552 quibus
1902 460 2228 529 Antonius
2249 454 2752 529 Grobbendon-

267 675 445 755 sudent.

598 556 741 626 kius
775 556 1131 653 imperabat
1158 587 1182 641 3
1232 550 1498 626 sollicita
1535 551 1779 649 semper
1814 556 2074 627 civitate
2102 605 2123 638 ‚
2170 572 2254 620 ne
2290 549 2473 620 miles
2505 573 2752 647 praeva-

595 648 878 721 lestzeret.
945 652 1037 720 At
1078 653 1249 720 cives
1288 645 1461 756 ipsos
1496 644 1666 718 haud
1694 644 1846 755 ‚fine
1867 644 2225 754 intrepidos
2241 643 2646 741 magistratus
2666 668 2750 717 ac

582 743 944 815 'sacerdotes
965 798 987 830 ‚
1009 766 1290 844 quorum
1310 763 1536 839 ingens
1555 762 1748 836 copia
1762 737 1882 825 est,
1901 759 2198 810 certatim
2217 736 2703 828 inflammabant
2718 792 2746 826 ,

566 837 654 914 ,hi
698 861 780 908 ne
807 833 976 908 sueta
1018 844 1184 909 sacra
1218 858 1486 938 arasque
1511 838 1585 903 διε
1603 832 1975 905 simulachra
1999 838 2074 903 &
2090 836 2303 904 Divos
2325 831 2612 905 faventes
2629 832 2752 904 de-

586 931 863 1002 sererent
888 984 909 1017 ,
954 954 1031 1001 ac
1068 925 1268 1028 pollui
1310 947 1680 1024 paterentur
1716 950 1734 995 ε
1784 927 1874 998 illi
1912 930 2231 1022 majorum
2267 923 2434 995 fastu
2467 932 2754 999 recitan-

585 1024 722 1111 do„
771 1048 1049 1121 quorum
1087 1027 1285 1095 virtus
1327 1021 1611 1094 Geldros
1651 1021 2309 1091 totiesaBrabantico
2328 1018 2541 1091 limite
2555 1045 2753 1118 repu-

591 1117 758 1192 lisset
783 1173 804 1203 ,
850 1116 1301 1212 addebantque
1339 1112 1520 1186 flium
1562 1113 1677 1211 ipsi
1716 1113 2108 1211 exemplum.
2175 1116 2356 1184 Nam
2382 1116 2457 1182 &
2480 1138 2597 1211 per
2626 1139 2754 1186 no-

590 1213 758 1285 &em'
795 1211 1033 1293 lumina
1061 1209 1468 1319 disposuere,
1517 1206 1826 1279 &edieto
1844 1231 2066 1286 cavere
2084 1231 2165 1279 ue
2184 1226 2416 1286 eorum
2441 1261 2461 1293 ‚
2507 1209 2753 1303 quibus

357 1289 362 1296 ¹
485 1331 488 1334 ⁷
593 1310 867 1392 vivitur,
917 1308 1117 1402 pretia
1156 1301 1579 1375 meresterent
1604 1356 1626 1389 ‚
1675 1306 1750 1373 δε
1788 1325 1869 1373 ne
1901 1302 2089 1374 suetis
2124 1298 2757 1386 anteforesindiciis

589 1419 836 1470 mortes
857 1397 1291 1469 noscerentur.
1337 1400 1666 1495 Aggerem
1682 1404 1951 1492 quoque
1966 1399 2326 1469 excitarunt
2344 1448 2367 1483 ‚
2395 1399 2514 1504 qui
2533 1397 2756 1472 Fucb-

575 1495 831 1564 ‘teniem
862 1497 1126 1564 nomine
1144 1503 1399 1588 portam
1470 1509 1828 1588 raetegeret.
1874 1559 1881 1566 ,
1902 1493 2045 1561 Hac
2066 1509 2246 1588 parte
2265 1492 2619 1562 Mauritius
2640 1515 2757 1563 ca-

587 1587 714 1659 stra
735 1587 965 1659 fixerat
987 1640 1009 1675 ,
1028 1585 1281 1659 adversa
1301 1586 1409 1659 Wi
1437 1584 1685 1656 belmus
1704 1588 1780 1654 &
1803 1583 2099 1656 Ernestus
2115 1580 2517 1670 consederat,
2537 1589 2759 1659 utrin-

585 1702 719 1784 que
751 1684 852 1754 via
885 1679 1954 1778 depreffioribus'eampisemineus
1972 1676 2160 1752 fieile
2177 1679 2260 1750 ad
2277 1677 2600 1776 oppidum
2622 1676 2757 1752 fos:

589 1779 767 1847 iores
800 1774 1216 1877 perducebat.
1287 1777 1379 1845 Ea
1406 1769 1845 1845 commoditas
1888 1771 2176 1843 &urbis
2215 1797 2353 1844 nou
2388 1773 2510 1843 alia
2546 1795 2754 1870 quam

589 1867 762 1942 fileta
787 1869 954 1941 'olim
992 1874 1385 1941 munimenta
1421 1920 1444 1954 ,
1492 1865 1668 1965 spem
1703 1866 1911 1940 brevis
1943 1864 2224 1939 accessus
2257 1866 2501 1938 dabant
2527 1920 2549 1953 ‚
2594 1889 2758 1940 eum

587 1964 832 2061 alioqui
855 1961 1063 2036 menie
1086 1961 1461 2037 Novembri
1484 1982 1615 2033 tam
1630 1963 1997 2058 propinqua
2021 1961 2254 2058 hyeme
2272 1983 2532 2057 coeptus
2557 1960 2749 2034 labos

461 2100 467 2106 ·
587 2073 828 2130 terrere
856 2055 1080 2153 'posset
1102 2111 1123 2144 ,
1173 2061 1248 2128 δε
1283 2061 1348 2129 in
1384 2056 1597 2155 ampla
1632 2055 1807 2127 urbis
1838 2054 2037 2151 spatia
2078 2079 2215 2126 non
2236 2079 2422 2154 pares
2436 2055 2751 2129 obsiden-

472 2210 477 2216 ,
569 2157 753 2223 *tium
777 2155 1025 2249 copiae,
1065 2156 1371 2223 centuriae
1393 2171 1524 2220 tres
1542 2148 1609 2221 su
1657 2171 1724 2219 ra
1746 2148 2184 2246 sepmaginta,
2231 2170 2459 2221 turmae
2477 2153 2750 2249 triginta

587 2250 848 2318 circiter
878 2268 897 2314 ε
947 2249 1194 2344 quippe
1210 2244 1498 2318 Ostenda
1523 2245 1584 2313 'u
1639 2267 1715 2314 os
1739 2241 2043 2342 poscente
2058 2249 2401 2316 exercitus.
2466 2247 2593 2317 Sed
2614 2268 2749 2318 nee

583 2345 996 2436 eruptionum
1013 2362 1220 2410 metus
1239 2364 1277 2410 a
1295 2345 1438 2415 cive
1455 2392 1476 2424 ,
1527 2362 1604 2408 ua
1626 2342 1795 2409 tueri
1816 2335 1956 2410 satis
1977 2338 2276 2425 habente,
2298 2361 2423 2412 nec
2443 2339 2622 2411 sueto
2643 2361 2757 2412 ta-

581 2434 769 2520 lium,
791 2437 864 2502 &
881 2430 1260 2505 circumfusa
1278 2433 1573 2531 planities
1593 2431 1718 2503 late
1734 2432 2020 2515 madens,
2045 2432 2267 2530 pofitis
2284 2432 2550 2505 castellis
2564 2435 2759 2506 clau-

582 2528 879 2599 debatur.
949 2529 1312 2625 Repertum
1335 2532 1409 2597 &
1427 2549 1645 2597 amnes
1668 2529 1973 2622 rivosque
1978 2529 2161 2622 juxta
2182 2522 2453 2599 fluentes
2474 2528 2753 2626 objeflmv

582 2623 856 2694 molium
891 2617 1072 2719 (upra
1107 2624 1275 2731 ripas
1295 2622 1588 2695 attollere
1611 2673 1631 2708 ‚
1680 2643 1817 2716 quo
1838 2625 2043 2717 magis
2064 2620 2426 2721 stagnarent
2443 2623 2759 2720 adjacen-

557 2720 697 2787 tia.
767 2713 899 2788 Sed
945 2740 1079 2803 non
1119 2736 1205 2786 ita
1246 2714 1313 2785 id
1351 2735 1738 2787 maturatum
1761 2768 1782 2801 ,
1877 2738 1983 2785 um
2005 2714 2187 2786 bisin
2209 2713 2532 2814 oppidum
2555 2720 2753 2793 miles

583 2828 968 2906 penetraret.
1021 2811 1300 2919 Qippe
1318 2809 1401 2881 ab
1423 2809 1701 2919 Albertp
1719 2813 1806 2879 mi
1862 2833 1934 2879 us
1955 2860 1974 2894 ‚
1995 2808 2078 2879 ad
2096 2810 2573 2882 Brabantorum
2592 2835 2754 2910 pre-

445 2964 446 2969 ,
584 2923 692 2975 ces
718 2956 740 2991 ,
791 2909 857 2976 in
891 2902 1038 2975 loca
1065 2927 1368 3071 <proxima
1401 2905 1456 2974 1⁴*
1458 2904 1762 2976 riderrcus
1786 2903 2328 3001 Herenbergeufis
2348 2930 2501 2977 cum
2522 2908 2753 3004 pedite

517 3028 518 3031 ¹
589 3003 663 3068 &
707 3024 840 3070 non
875 2999 1061 3069 invali

1108 3022 1145 3068 a
1180 3003 1475 3095 equitum
1510 3020 1701 3069 manu
1725 3051 1746 3084 ,
1786 2992 1998 3095 sparso
2020 3005 2320 3087 rumore,
2368 3005 2750 3098 paratisque

436 3130 444 3138 ·
581 3095 889 3164 omnibus
926 3092 1100 3165 velut
1120 3092 1559 3166 Helmundum
1577 3096 1788 3163 vicum
1812 3096 2092 3164 muniret
2113 3146 2134 3179 ,
2183 3097 2463 3191 primum
2484 3115 2750 3168 trecen-

583 3205 693 3256 tos
714 3185 915 3266 ferme
933 3240 953 3273 ‚
983 3210 1142 3257 mox
1160 3185 1240 3257 ad
1262 3186 1435 3258 mille
1455 3186 1710 3285 oppido
1732 3186 1977 3272 inserit,
1991 3192 2225 3286 ignaro
2237 3189 2352 3261 diu
2366 3186 2696 3261 obsessore
2717 3243 2748 3277 ,

584 3286 660 3352 &
681 3336 700 3367 ,
741 3282 851 3351 ubi
887 3280 1025 3352 sero
1059 3296 1458 3378 cognoverat
1481 3334 1501 3368 ,
1596 3285 1770 3352 aucis
1802 3279 2132 3377 postremo
2149 3306 2232 3355 ex
2249 3288 2509 3394 agmine
2526 3289 2744 3380 captis

584 3375 912 3472 caefisque.
985 3373 1300 3446 Adversus
1335 3378 1522 3446 incen
1573 3380 1630 3445 ia
1652 3428 1674 3461 ,
1710 3397 1914 3471 quaea
1935 3375 2189 3472 giobisi
2287 3383 2390 3449 itis
2411 3378 2744 3451 timeban-

583 3486 690 3542 tur
728 3524 749 3556 ,
808 3470 983 3568 vulgi
1019 3468 1473 3566 redtorumque
1507 3468 1739 3566 oppidi
1777 3491 2008 3565 magna
2047 3467 2194 3541 sedu
2220 3478 2339 3544 itas
2376 3496 2399 3541 t
2445 3473 2740 3552 tabulata

582 3588 774 3635 arena
807 3562 1079 3635 sternere
1101 3616 1122 3649 ‚
1169 3565 1381 3636 aheno
1413 3561 1539 3634 tela
1561 3568 1864 3661 excipere
1886 3617 1908 3649 ‚
1954 3566 2184 3636 causta
2235 3591 2313 3638 ue
2332 3564 2739 3664 restinguen-

581 3659 684 3729 dae
718 3656 993 3729 flammat
1034 3679 1250 3757 parata
1290 3656 1548 3730 habere.
1615 3656 1976 3731 Accesserat
1997 3590 2436 3733 Ambiducum
2460 3668 2735 3734 nomine

630 3751 970 3824 oliicitatio
1002 3805 1023 3838 ‚
1071 3757 1313 3848 privata
1343 3752 1572 3823 damna
1586 3770 1676 3823 ex
1698 3752 1964 3851 publico
1984 3777 2343 3850 reparatum
2359 3759 2461 3827 iri.
2515 3754 2734 3855 Vrge-

580 3776 694 3920 ζει
726 3848 981 3916 interim
1026 3869 1225 3942 opera
1245 3850 1590 3918 Mauritius
1617 3899 1637 3932 ,
1681 3851 1868 3943 queis
1886 3846 1968 3920 ad
1990 3845 2215 3920 foffam
2238 3853 2555 3922 moenium
2582 3874 2737 3950 per-

580 3941 791 4025 duc-Stis
818 3993 838 4026 ‚
862 3944 1062 4047 qineae
1081 3959 1329 4011 tantum
1351 3945 1427 4010 δε
1443 3963 1588 4036 quae
1610 3941 1873 4013 urbibus
1895 3942 2116 4015 ultima
2137 3944 2477 4017 restabant.
2529 3947 2737 4041 Spem

581 4059 716 4111 non
747 4036 1168 4132 longinquam
1189 4036 1339 4135 gelu
1357 4032 1707 4109 interscidit
1727 4089 1754 4124 ,
1799 4036 2166 4134 exspeQato
2190 4044 2498 4207 maturiufis
2518 4042 2737 4114 inten-

2022 4156 2027 4161 ’
2495 4154 2738 4233 usque,
