2900 4628
127 281 154 291 ‘
268 281 468 358 1595·

544 163 672 237 232
959 135 1617 211 HvGoN1-s
1728 129 2266 201 GROT11

545 275 726 327 retro
763 249 1050 341 aestates,
1096 272 1219 320 nec
1254 244 1470 320 Gallia
1506 237 1851 315 sufficiebat
1872 243 2047 338 agris
2079 237 2257 312 bello
2276 233 2536 308 inseffis.
2605 240 2715 324 Ita

545 372 660 448 per
683 342 1023 421 Suedicam
1065 342 1580 440 negotiationem
1618 332 2012 406 frumentum
2031 357 2231 404 omne
2250 330 2362 404 sub
2403 334 2664 404 Batavis
2685 386 2723 419 ,.

544 447 661 540 qui
702 442 882 517 brevi
915 439 1041 510 huc
1078 433 1229 507 illuc
1249 428 1514 507 recursu
1550 428 1919 526 ingentibus
1954 431 2235 526 praemiis
2271 422 2663 499 festinabant
2682 448 2709 496 ε

543 561 669 609 nec
689 589 711 620 ‚
760 554 833 604 ut
871 532 951 603 fit
977 584 999 618 ,
1045 547 1439 625 occupatum
1458 522 1806 596 ditioribus
1820 520 1891 592 id
1909 520 2336 594 commodum
2357 519 2530 592 stetit
2556 573 2576 607 ‚
2594 516 2713 595 sed

543 627 921 706 latiffimein
957 624 1215 722 plebem
1237 618 1654 721 spargebatur
1677 671 1701 705 ,
1745 616 1996 690 levibus
2031 614 2377 713 impendiis
2399 618 2473 684 δε
2511 606 2710 725 celeri
2804 656 2809 685 2

547 721 815 822 quaestu.
917 723 1129 791 Etiam
1148 716 1606 789 Mauritaniam
1636 717 1801 809 itum
1816 734 1946 809 qua
1966 712 2245 782 Oceano
2265 730 2528 806 quaque
2547 732 2713 801 inan

547 820 842 891 interiori
878 813 1162 909 objacet.
1232 808 1407 883 Cum
1444 804 1834 882 Moscovitis
1854 808 2246 877 commercia
2267 806 2488 875 Batavi
2510 805 2712 874 etiam

555 931 707 985 ante
752 907 991 983 bellum
1025 906 1419 990 habuerant,
1463 900 1572 975 sed
1606 927 1722 1001 per
1763 900 2077 971 Balticum
2109 922 2284 970 mare
2305 902 2379 966 δε
2414 898 2713 991 Narvam

555 1009 886 1080 Livonum
904 1000 1351 1096 Novogrodia
1383 1019 1568 1070 tenus
1610 1021 1630 1066 τ
1685 1019 1832 1093 quae
1847 994 2079 1095 deinde
2101 1017 2216 1090 pei·
2246 989 2714 1093 Rusticum-O-

553 1102 737 1172 ceani
758 1097 959 1169 finum
992 1086 1191 1190 Angli
1208 1093 1294 1167 ad
1334 1090 1605 1185 Nicolai
1645 1111 1907 1189 portum
1934 1143 1954 1175 ,
1999 1091 2221 1171 Batavi
2237 1086 2320 1158 ad
2362 1083 2714 1169 Podelem-

557 1188 774 1271 scoam
797 1186 873 1260 ’δε
892 1186 1281 1284 Archangeli
1312 1184 1657 1280 Michaelis
1675 1183 2127 1256 monasterium
2152 1234 2174 1268 ,
2219 1180 2453 1252 cuncta
2472 1174 2714 1281 Duinae

561 1290 734 1358 amni
751 1283 948 1358 adfita
971 1337 993 1369 ‚
1016 1279 1428 1367 transtulere:
1480 1279 1887 1375 multumque
1905 1277 1989 1349 ab
2005 1275 2236 1375 Anglis
2252 1276 2551 1351 laborato
2572 1329 2594 1362 ,
2640 1296 2716 1348 ut

559 1373 678 1455 ‘soli
718 1394 1092 1451 exercerent
1116 1430 1138 1462 ‚
1186 1399 1358 1474 aegre
1381 1376 1770 1445 Batavorum
1790 1396 2016 1470 preces
2053 1368 2409 1442 &libertas
2432 1370 2720 1467 praepol·

556 1473 837 1544 luerunt.
901 1473 1076 1541 Mox
1109 1468 1368 1566 longius
1385 1471 1562 1577 auri,
1595 1466 1814 1553 eboris
1835 1520 1857 1554 ,
1900 1465 2086 1538 ebeni
2108 1462 2287 1575 ferax
2322 1469 2595 1574 §uineae
2616 1486 2717 1534 re-

558 1590 777 1737 ἕέἒιῗὲ
791 1563 1661 1731 ὲὲῗὲῧῖἳὲἓίῐῇἆῖἲὲἒῖῗιέ.
1687 1558 2409 1727 ἳῖιῗὲἒὲἳηῗὲὲῖῖῂῖς
2431 1561 2719 1749 ξὲἳὲῗ

565 1756 830 1852 privatis
848 1751 1191 1849 impendiis
1213 1753 1445 1821 tentari
1466 1769 1761 1845 coeptum
1782 1802 1802 1832 ‚
1819 1771 2053 1843 auceps
2076 1751 2286 1845 primo
2307 1769 2427 1816 nec
2444 1749 2717 1847 innomi-

565 1872 680 1922 um
698 1845 820 1919 fuit
843 1862 1063 1932 ‚tcum
1099 1844 1847 1954 inexplorato-locorum
1885 1846 2151 1940 ingenio
2192 1838 2407 1937 paffim
2439 1839 2604 1913 feras
2641 1843 2716 1950 in

563 1932 2722 2126 {i‘ssffiffiissi’ssfitzfflssffiffrzfffssf‘tfifffizffffoffiiss

568 2129 727 2203 bant
764 2123 1089 2225 suppliciis
1115 2178 1138 2212 ,
1189 2120 1235 2198 fi
1255 2149 1428 2221 quos
1447 2122 1584 2196 suas
1619 2127 1688 2225 in
1703 2125 1992 2195 colonias
2021 2146 2131 2195 aut
2149 2122 2368 2197 claffes
2385 2122 2723 2221 tempestas

569 2224 868 2316 inopiave
906 2219 1222 2291 detulerat
1262 2240 1282 2286 ε
1328 2217 1566 2290 deinde
1599 2216 2153 2291 criminationibus
2182 2217 2355 2317 apud
2377 2241 2562 2318 reges
2595 2241 2719 2316 po·

569 2316 889 2412 palosque
928 2310 1042 2385 sibi
1061 2337 1200 2384 non
1228 2308 1547 2384 subactos.
1620 2311 1835 2404 Qod
1852 2311 1962 2384 diu
1982 2311 2284 2386 acerbum
2306 2367 2329 2399 ,
2376 2312 2533 2385 dum
2565 2336 2716 2383 raro

459 2461 462 2464 «
568 2406 678 2488 usu
702 2410 1021 2514 peregrini
1040 2401 1349 2476 sermonis
1371 2404 1686 2477 &infidis
1709 2406 2041 2481 hincinde
2061 2403 2525 2516 suspicionibus
2557 2418 2719 2478 cun-

569 2502 676 2600 §ia
695 2504 782 2571 im
830 2499 1122 2572 licantur.
1191 2499 1290 2572 At
1310 2498 1650 2597 postquam
1684 2500 1955 2597 publicis
1974 2501 2173 2572 literis
2194 2504 2269 2571 δε
2287 2505 2720 2574 commercio-

571 2620 724 2672 rum.
750 2525 858 2665 usu
892 2606 1301 2690 compertum
1345 2592 1440 2665 est
1474 2589 1709 2666 venisse
1741 2618 1878 2667 nou
1916 2596 1983 2676 in
2021 2591 2302 2693 praedam
2343 2600 2417 2666 &
2456 2614 2672 2691 raptus
2696 2647 2719 2683 ,

573 2711 655 2764 ne
706 2687 1174 2762 dominationis
1218 2686 1486 2780 quidem
1533 2686 1759 2759 avidos
1802 2743 1830 2776 ‚
1877 2686 1991 2760 sed
2025 2707 2349 2762 amantem
2404 2687 2723 2788 populum

572 2782 794 2872 alienat
831 2785 1023 2858 etiam
1061 2780 1371 2874 libertatis
1409 2833 1430 2868 ,
1504 2784 1569 2851 in
1609 2780 1739 2853 hoc
1784 2779 2135 2878 penetraffe
2182 2801 2287 2854 tot
2330 2787 2528 2854 maria
2563 2836 2586 2869 ,
2649 2802 2723 2855 ut
2826 2827 2833 2836 -

569 2893 759 2970 'aequa
794 2873 927 2948 fide
940 2876 1045 2969 jus
1092 2877 1382 2971 gentium
1421 2873 1667 2946 coleret
1696 2929 1720 2963 ,
1766 2878 1992 2973 ingens
2036 2874 2226 2949 subiit
2245 2877 2723 2951 Hollandorum

572 2965 742 3046 fama
771 2972 843 3038 δε
872 2970 1238 3041 admiratio,
1310 2966 1703 3066 Celebrique
1725 2971 1860 3065 jam
1899 2994 2279 3042 communes
2311 2995 2427 3067 per
2444 2971 2722 3067 quaestus

475 3131 494 3142 ,
573 3083 932 3138 mercatura
955 3115 976 3150 ,
1023 3065 1216 3133 etiarn
1258 3059 1594 3139 societates
1628 3083 1759 3134 tam
1789 3063 2179 3160 longinquas
2215 3065 2446 3137 odium
2487 3064 2722 3162 Hispa·-
2786 3111 2803 3126 -

573 3159 643 3233 ni
665 3160 912 3254 aperuit
934 3207 955 3241 ,
1002 3159 1077 3228 δε
1098 3153 1337 3226 clarum
1357 3149 1476 3253 pe‘r
1496 3154 1629 3248 illas
1646 3179 1910 3253 quoque
1925 3179 2150 3260 gentes
2175 3157 2503 3232 bellatoris
2526 3162 2724 3230 Mau-

575 3253 705 3320 ritii
727 3273 998 3321 nomen.
1067 3250 1245 3322 Mira
1267 3273 1496 3320 eorum
1524 3303 1544 3337 ‚
1564 3256 1676 3346 qui
1698 3254 1886 3347 primi
1911 3250 2162 3323 Indiam
2179 3252 2395 3326 adiere
2415 3306 2437 3339 ,
2457 3253 2720 3352 religio,

573 3343 890 3439 famaeque
929 3367 1101 3415 cura.
1171 3343 1353 3413 Nam
1372 3346 1525 3442 quia
1545 3343 1843 3416 mandata
1877 3344 1993 3418 nifi
2010 3346 2074 3416 se
2096 3345 2314 3421 tuendi
2346 3345 2512 3421 nulla
2532 3370 2723 3432 acce-7

500 3516 507 3524 ,
578 3456 805 3536 perant
844 3490 866 3522 ‚
914 3436 1175 3509 obviam
1214 3436 1650 3536 Hispanorum
1683 3441 1953 3523 navem,
1998 3460 2289 3536 paratam
2326 3440 2723 3551 uberemque

579 3528 860 3624 praedam
885 3582 908 3615 ‚
954 3530 1255 3606 intaetam
1275 3529 1568 3602 omisere.
1639 3532 1768 3628 Vix
1789 3532 2051 3606 tandem
2083 3533 2531 3608 Lusitanorum
2563 3533 2724 3607 feri-
2768 3594 2776 3604 .

579 3641 675 3692 tas
700 3675 722 3706 ,
770 3625 1092 3700 neminem
1109 3647 1194 3695 eo
1214 3623 1378 3695 orbe
1396 3621 1459 3695 ie
1473 3626 2198 3723 praeteradmitteutium
2217 3682 2238 3717 ,
2272 3627 2572 3727 expreffit
2594 3683 2617 3716 ,
2648 3650 2723 3704 ut

582 3718 813 3809 privati
848 3721 1243 3788 commercia
1279 3716 1450 3790 bello
1508 3725 1847 3796 munirent.
1921 3724 2170 3796 Secutae
2204 3723 2520 3802 Indorum
2549 3723 2727 3820 lega-

579 3809 795 3880 tiones
815 3862 835 3893 ‚
877 3806 1049 3880 dona
1069 3815 1444 3895 ‚maritimae
1463 3815 1526 3883 in
1549 3811 1795 3888 hostem
1817 3821 2049 3916 pugnae
2070 3870 2094 3902 ‚
2145 3819 2218 3890 &
2238 3868 2260 3902 ‚
2350 3841 2427 3891 ua
2447 3822 2723 3890 maxime

580 3901 883 3995 expedit,
922 3905 1315 3999 vincicoepit
1329 3895 1672 4000 Hispanus.
1743 3910 1923 3979 Nam
1939 3914 2144 4007 captis
2168 3910 2308 3982 urbi
2362 3935 2479 3998 us,
2511 3934 2726 4010 neque

584 4016 825 4095 magno
863 3993 1006 4074 fine
1024 4001 1327 4102 agrorum
1341 3995 1549 4104 spatio
1571 4057 1593 4096 2
1637 4003 1711 4079 ut
1724 4003 2125 4083 vincentibus
2154 4002 2669 4120 aliquidffpdit
2690 4056 2717 4088 ,

2535 4117 2539 4127 ’
2624 4119 2709 4172 ita
