2900 4628
324 173 815 248 .1-118T0
867 176 1414 247 R1ARvM
1499 177 1740 247 mn.
1820 180 2005 251 v1.·
2132 201 2266 269 279

115 282 333 357 dolos
348 283 680 373 transiere,
730 283 886 356 dum
908 310 1114 384 parvae
1133 310 1355 358 manus
1388 310 1490 357 res
1509 309 1770 384 magnas
1789 288 2047 362 audent.
2116 289 2274 357 Fer-
2350 320 2560 391 1597·

116 379 456 450 dinandus
488 379 736 450 Tellius
756 382 1218 452 Portocarrera
1253 379 1639 450 Durlanium
1661 377 1947 477 Hispano
1968 382 2232 477 regebat
2252 433 2273 467 ‚
2312 421 2617 475 Portomerae
2654 418 2661 427 ·

121 494 266 567 quo
307 496 407 568 op
457 472 570 545 ido
605 473 776 545 haud
811 478 898 544 ita
916 473 1113 570 longe
1150 472 1548 571 Ambianum
1582 472 1800 559 abest,
1853 477 2156 545 Picardiae
2177 498 2280 543 ca·
2313 485 2419 571 altu
2435 492 2615 546 mdica-

123 587 240 659 put
266 619 293 654 ,
339 590 380 645 u
465 570 519 636 is
556 571 725 637 inter
759 566 990 639 Galliae
1025 571 1373 654 maximas,
1419 590 1468 637 o
1518 589 1627 635 um
1664 586 1896 662 potens
1918 620 1939 652 ,
1979 568 2284 663 belloque
2314 562 2583 646 umbi-«7

84 665 260 730 ‘tum
297 663 380 729 &
402 661 938 733 commeatibuso
989 681 1309 759 por-tuna,
1354 658 1472 730 ana
1561 680 1669 731 nte
1700 684 1931 753 amne,
1982 664 2285 759 cuivetus
2320 648 2443 692 Μ
2474 645 2613 709 “3³⁰'‘

114 753 410 834 Samarae
443 777 710 826 nomen.
789 756 950 825 Pare
998 775 1064 824 at
1082 758 1370 825 Henrico
1410 756 1676 840 civitas,
1727 749 1830 825 {ed
1850 753 2107 828 excluso
2130 778 2291 850 prae-

112 843 287 933 fiilio
323 843 660 917 commiffa
712 871 791 919 ue
829 847 1295 945 magistratibus
1326 845 1614 918 custodia
1639 900 1659 933 ,
1753 872 1824 919 er
1844 846 2121 945 speciem
2158 852 2294 946 pri-

115 939 518 1036 vilegiorum
562 870 738 1037 neg‘li
778 944 985 1012 entius
1008 940 1307 1038 usurpans
1335 943 1439 1035 jus
1459 936 1668 1012 invisse
1732 943 2175 1014 ominantibus
2215 946 2294 1010 δε

114 1032 509 1128 periculosae
544 1034 720 1132 apud
800 1034 1005 1107 ostem
1040 1035 1372 1106 libertatis.
1463 1035 1641 1132 Qae
1679 1033 2019 1130 postquam
2064 1034 2294 1105 Ferdi-

117 1128 387 1199 naudus
407 1124 691 1205 exsulum
730 1133 984 1211 monitu
1006 1153 1080 1199 ac
1119 1132 1441 1225 praecipue
1460 1129 1761 1199 monachi
1786 1126 2120 1225 cujusdam
2148 1180 2170 1213 ,
2217 1126 2296 1200 fi-
2332 1166 2341 1175 ·

115 1229 408 1316 nitrique
426 1221 724 1294 locorum
762 1221 953 1295 miffis
982 1245 1061 1293 ex
1109 1222 1501 1293 loratoribus
1542 1220 1856 1291 didicerat
1882 1275 1902 1308 ‚
1949 1221 2188 1292 milites
2205 1220 2292 1292 ab

114 1312 417 1389 Alberto
476 1319 715 1412 accipit
757 1338 1037 1415 peragen
1083 1340 1157 1400 ae*
1181 1314 1412 1387 fraudi.
1506 1314 1926 1389 Promtiffimi
1972 1315 2293 1387 duodevi-

112 1409 294 1503 ginti
317 1407 512 1479 dubia
533 1409 675 1480 luce
702 1461 724 1496 ,
770 1432 916 1481 cum
940 1413 1214 1507 primum
1234 1405 1543 1507 ingressus
1565 1430 1741 1506 patet
1762 1463 1784 1497 ‚
1836 1407 1982 1506 post
2002 1409 2163 1479 alios
2181 1408 2290 1479 alii

118 1503 517 1590 mittuntur,
562 1501 850 1601 agrestis
915 1507 1017 1573 cie
1039 1558 1061 1592 ‚
1103 1527 1300 1601 poma
1321 1502 1639 1588 ferentes*⁸
1679 1526 1823 1600 pars
1848 1505 1923 1572 δε
1986 1501 2319 1576 laustrumf

116 1593 838 1691 agebantonustum'pa
890 1595 1020 1682 uli,
1068 1615 1434 1694 quoportae
1543 1595 1721 1667 nfiles
1743 1595 1906 1668 absc'
1959 1620 2013 1668 rs
2043 1650 2063 1682 ‚
2110 1617 2189 1666 ut.
2208 1594 2289 1665 fit
2358 1610 2365 1637 ³

119 1689 187 1756 in
208 1687 506 1785 periculo
531 1742 552 1775 ‚
598 1690 965 1761 retinaculis
985 1743 1006 1780 ‚
1054 1687 1349 1762 adversus
1384 1711 1459 1758 ca
1486 1712 1593 1759 um
1611 1686 2078 1761 sustinerentur.
2144 1690 2289 1758 Cu-

59 1784 80 1853 1
117 1778 342 1853 st‘odes
386 1782 600 1855 aditus
632 1784 907 1853 occultis
929 1806 1102 1853 rante
1140 1786 1332 1853 armis
1375 1802 1486 1858 aut
1524 1784 1732 1880 prima
1767 1806 1849 1853 ex
1888 1784 2065 1854 caede
2089 1786 2289 1879 raptis

121 1874 573 1946 conficiuntur
602 1900 622 1944 ε
671 1875 992 1972 celerique
1013 1873 1269 1947 accursu
1286 1899 1514 1945 eorum
1529 1881 1641 1970 qui
1686 1879 2001 1971 proximis
2021 1870 2163 1947 urbi
2184 1877 2289 1947 lo-

117 1973 210 2038 cis
231 1967 450 2038 abditi
477 1967 880 2049 subsederant
903 2022 923 2055 ,
946 1970 1023 2038 fit
1041 1972 1141 2041 via
1160 1966 1513 2063 insequenti
1533 1993 1567 2037 a
1618 1974 1771 2039 mini
1797 2021 1817 2054 ‚
1835 1969 2017 2063 quod
2036 1970 2288 2065 pedites

118 2059 221 2131 bis
241 2059 429 2130 mille
449 2114 469 2147 ,
493 2057 771 2131 sexcenti
787 2066 1038 2156 equites
1062 2063 1502 2158 complebant.
1623 2083 1770 2132 orte
1788 2085 1869 2131 eo
1885 2060 2029 2159 ipso
2046 2067 2287 2133 articu-

117 2153 183 2226 lo
220 2158 548 2252 temporis
589 2156 617 2247 (
642 2155 1152 2253 Qadragefima
1171 2158 1349 2250 erat)
1389 2150 1655 2251 quidam
1679 2160 1743 2226 in
1763 2154 1928 2227 ficta
1962 2155 2043 2226 ad
2067 2180 2286 2255 popu-
2368 2152 2379 2162 ’

119 2245 249 2318 lum
280 2246 689 2320 allocutione
725 2255 1025 2346 peccatai
1078 2247 1155 2321 fis
1185 2246 1286 2321 sua
1306 2248 1708 2346 exprobrans
1749 2253 1936 2322 &rei
1967 2253 2225 2349 ignarus
2252 2303 2276 2338 ,

121 2345 389 2417 meritos
427 2342 701 2414 ‘dicebat
720 2348 880 2414 utin
916 2348 1006 2416 Hi
1037 2368 1351 2440 pariorum
1391 2349 1686 2417 venirent
1723 2342 2106 2440 potestatem
2129 2398 2149 2431 ‚
2202 2351 2279 2417 δε

120 2455 349 2512 venere
396 2462 416 2507 ε
473 2460 618 2506 nam
638 2437 839 2533 valida
855 2441 1149 2533 quamvis
1171 2441 1244 2507 δε
1264 2434 1597 2509 numerosa
1635 2440 1859 2511 civitas
1877 2433 2281 2535 quatuorde-

120 2531 243 2598 cim
279 2528 462 2601 haud
486 2535 696 2608 minus
721 2531 1064 2606 bominum
1099 2531 1392 2616 millibus,
1425 2531 1706 2603 habitata
1726 2584 1749 2616 ‚
1797 2556 1932 2603 non
1969 2533 2076 2618 diu
2102 2532 2277 2604 restiss

119 2624 237 2705 tit,
280 2627 597 2719 ambigua
617 2627 684 2695 in
717 2625 972 2722 Regem
1013 2624 1191 2712 fide,
1235 2649 1316 2697 an
1340 2624 1577 2721 pavida‘·
1599 2649 1681 2696 ex
1705 2628 1908 2722 priori
1947 2622 2288 2707 {ecaritate

126 2716 476 2816 &imperii
518 2740 713 2814 egens
748 2741 767 2787 ε
910 2723 1068 2791 in&
1133 2717 1423 2792 raefeuus
1443 2719 1863 2814 Sancti-pauli
1900 2718 2146 2808 Comes
2162 2744 2291 2789 au-

127 2803 263 2877 dito
292 2813 577 2884 tumultu
607 2831 839 2907 partea
865 2817 922 2883 ia
958 2812 1025 2886 di
1124 2832 1329 2908 gerat.
1401 2813 1631 2887 Rebus
1664 2816 1822 2882 tutis
1840 2812 2097 2883 auctum
2117 2835 2279 2908 prae-

127 2896 387 2991 fidium,
417 2916 755 3000 ‘corrupta
795 2905 1071 2980 flammis
1106 2928 1255 3001 quae
1273 2909 1583 3000 contigua
1626 2905 1769 2977 urb‘i
1816 2924 2041 2991 erant,
2089 2929 2278 2976 exat-

128 2999 277 3065 mati
310 3005 485 3072 cives
520 2999 664 3070 dire
716 3005 935 3096 tique,
981 3003 1240 3099 egregia
1271 3002 1340 3069 in
1365 3000 1634 3071 militem
1671 2999 1886 3095 praeda
1912 3052 1932 3085 ,
1964 2996 2083 3070 ‘sed
2106 3004 2181 3069 &
2206 3003 2272 3072 in

131 3083 351 3172 ducem
392 3125 416 3179 3
479 3095 640 3188 quia
742 3116 823 3165 ex
871 3097 1004 3167 vim
1048 3114 1349 3202 magnam
1387 3092 1821 3163 machinarum
1874 3114 2271 3188 omnemque

132 3174 274 3251 belli
300 3207 683 3282 apparatum
731 3185 924 3283 paulo
961 3198 1112 3260 ante
1155 3182 1498 3257 indiderat.
1571 3185 1753 3257 Mifit
1788 3186 1872 3257 ad
1892 3188 2105 3281 Philip
2157 3209 2267 3256 um

138 3271 427 3350 Albertus
466 3282 567 3351 rei
585 3277 751 3350 bene
781 3279 975 3376 gestae
1014 3284 1309 3353 nuntium
1331 3332 1353 3366 ‚
1403 3282 1786 3373 monuitque
1827 3303 2018 3350 unam
2042 3304 2081 3351 e
2128 3302 2262 3350 eac
2362 3295 2598 3376 filbertus

124 3374 518 3469 ,p'taecipuam
543 3397 759 3443 earum
797 3373 1054 3446 urbium
1088 3397 1247 3470 quas
1291 3372 1376 3444 ad
1413 3375 1740 3460 Samaram
1779 3372 1923 3450 fitas
1967 3377 2263 3469 Burgun-
2297 3365 2597 3439 massereihae.

139 3455 534 3562 dionumque‘
559 3467 833 3538 ducibus
917 3465 1170 3541 offessas
1207 3467 1390 3538 orbae
1421 3470 1652 3565 virgini
1685 3466 2019 3563 quondam
2042 3467 2262 3540 Gallus
2295 3452 2358 3563 ζ’
2378 3510 2389 3522 -
2411 3439 2594 3571 fstf‘x

143 3557 480 3631 extorfiffet
516 3584 544 3630 :-
585 3493 1009 3633 labor-anam
1037 3583 1254 3649 nunc,
1300 3582 1373 3633 ut
1391 3559 1571 3634 bello
1639 3583 1890 3652 artum,
1935 3566 2126 3632 etiam
2146 3586 2259 3659 pa·
2293 3577 2594 3649 numam..

150 3661 261 3726 (θ,
304 3647 348 3720 fi
390 3676 515 3749 qua
534 3659 789 3742 coiret,
837 3659 1241 3728 retineretur.
1333 3659 1423 3725 At
1454 3677 1592 3740 tace
1643 3679 1787 3727 atur
1829 3679 1905 3728 ea
1945 3679 1991 3725 o
2089 3658 2190 3727 ida
2222 3682 2259 3728 a
2292 3648 2527 3714 hemme·-

60 3806 63 3809 .
97 3811 108 3815 „
151 3729 683 3853 Francispignori
717 3752 1050 3845 quondam
1081 3748 1493 3852 oppofita‘&
1514 3749 1887 3851 redempta,
1937 3754 2010 3821 &
2059 3780 2078 3826 1
2148 3753 2258 3825 uid
2288 3724 2506 3858 m

143 3824 279 3935 ¹3th
299 3855 477 3922 armis
509 3858 615 3914 aut
651 3843 1012 3916 necestitate
1045 3841 1404 3939 expreffum
1446 3842 1693 3931 fixerat,
1738 3849 1941 3917 armis
1970 3851 2095 3918 ami
2151 3872 2261 3919 um
2483 3913 2489 3918 .

79 4023 84 4026 v
150 3928 901 4034 exnnffimquelegibus.
948 3941 1284 4034 ‘Magnum
1305 3938 1372 4008 id
1389 3937 1693 4010 damnum
1714 3939 1915 4012 Gallis
1940 3993 1960 4025 ‚
1999 3965 2119 4012 nec
2138 3941 2268 4014 fine
2404 4003 2411 4013 .

152 4006 624 4120 stussu'tamen..
679 4034 862 4120 Nam
880 4031 1229 4132 conspmffl)
1243 4033 1429 4201 §lure
1452 4033 1670 4106 baberi
1688 4032 1772 4107 ab
1787 4028 2077 4200 Hispaisso
2111 4039 2270 4103 Am·

198 4137 224 4170 ⁸-
315 4155 324 4164 ·
561 4175 568 4176 ff
695 4207 700 4210 ,
1340 4148 1395 4221 4
2036 4130 2266 4211 ianus,
