2900 4628
408 223 1453 318 msronranvm
1538 207 1783 308 ma.
1866 234 2023 311 ur.
2206 257 2411 326 ιη·

105 347 116 354 “
157 334 340 404 nium
391 356 474 405 ue
507 355 680 403 nexu
719 331 1032 405 devinaae
1055 387 1077 420 ,
1124 331 1358 405 auxilia
1400 333 1486 407 ab
1528 336 1786 433 oppido
1816 345 2210 438 nuntiosque
2230 346 2334 413 in·
2396 353 2611 449 ¹593ss

157 428 367 498 terclu
392 447 601 497 erant.
666 427 901 499 Multis
919 433 987 499 in
1009 451 1198 499 amne
1217 447 1414 524 atque
1448 432 1470 500 i
1522 427 1594 501 so
1613 434 1680 500 in
1712 427 1851 501 lacu
1872 432 2192 506 attribute
2215 434 2333 507 sta·

155 525 396 592 tiones.
469 520 799 615 Qaedam
840 527 916 592 &
957 526 1022 593 in
1075 526 1415 620 voragines
1503 524 1726 596 etrusae
1772 522 2060 599 fidebant
2094 533 2331 623 pariter

154 614 312 685 aestu
337 635 467 692 aut
503 616 912 706 levabantur.
1002 623 1096 688 At
1148 639 1228 687 ue
1249 615 1406 688 alias
1421 613 1644 689 claffes
1670 617 1946 691 ferendo
1967 621 2201 708 νὶἃιιί,
2254 626 2331 694 δε
2402 667 2435 684 κ

158 719 306 814 ‘quae
324 707 499 782 bello
530 709 869 782 neceffaria
894 766 916 799 ,
950 735 1122 786 occu
1149 707 1367 783 tabant
1390 711 1474 782 ad
1508 732 1780 808 utraque
1806 712 2004 784 castra
2020 722 2335 812 oportuni

156 809 354 876 (inus.
424 802 683 901 Ipfique
721 826 928 877 nautae
954 859 976 892 ,
1016 810 1083 876 in
1109 806 1355 876 'littore
1392 805 1534 901 juffi
1576 795 2034 878 Hohenloium
2063 829 2336 909 propter

156 897 427 970 tendere
453 951 474 983 ‚
522 898 690 970 haud
714 898 1204 982 contemnendo
1227 896 1359 972 usui
1378 902 1582 972 fixere.
1635 903 1706 973 Ο
1796 925 1863 971 ra
1886 902 2193 999 pleraque
2211 908 2339 972 mi<-

58 1037 64 1050 ·
155 990 345 1064 licum
363 1016 589 1063 manus
607 991 1055 1079 ostentabant,
1108 1017 1443 1065 novumea
1467 925 1883 1093 tempegtm
1933 996 2339 1092 quorumla-

155 1085 358 1161 bores
391 1089 623 1180 majori
663 1093 879 1183 pretio
915 1088 1102 1160 solari
1139 1111 1177 1158 e
1342 1092 1473 1158 'um
1523 1088 1992 1187 compendium
2029 1089 2155 1160 fuit
2176 1145 2197 1176 ,
2250 1107 2335 1163 ne

156 1181 777 1280 mmpulsaexagris
815 1203 836 1269 ⁴,
885 1202 958 1253 ut
991 1184 1164 1280 apud
1227 1206 1273 1253 o
1329 1193 1435 1253 em
1460 1236 1482 1269 ,
1531 1183 1885 1255 multitudo
1910 1182 2216 1256 invidiam
2238 1186 2333 1256 fa·

152 1287 330 1347 'cerer
350 1275 632 1348 libertati
662 1332 683 1364 ‚
729 1274 1069 1374 aut‘segnis
1112 1277 1195 1349 ad
1231 1276 1588 1375 periculum
1616 1332 1637 1365 ,
1688 1282 1762 1348 &
1798 1282 1970 1350 iners
2003 1273 2327 1349 fossorum

155 1369 347 1443 'nuba
368 1390 671 1449 oneraret
714 1377 1092 1442 exercitum.
1147 1372 1245 1445 At
1279 1394 1499 1443 mores
1533 1372 1940 1467 providentia
1977 1370 2332 1470 disciplina

156 1470 496 1538 intantum
530 1488 567 1535 a
605 1463 837 1538 saeculo
858 1463 1278 1554 recesserant,
1328 1486 1399 1537 ut
1416 1466 1665 1539 rusticae
1686 1465 1862 1564 plebi
1890 1475 2331 1564 armentisque

157 1575 232 1631 ea
267 1559 473 1631 castra
518 1557 884 1658 perfugium
935 1561 1193 1633 fuerint.
1261 1561 1605 1633 Locabant
1641 1584 1863 1634 manus
1894 1615 1916 1648 ,
1962 1561 2331 1634 vendebant

160 1653 504 1740 alimenta,
552 1652 637 1727 ab
663 1659 933 1725 armatis
973 1658 1280 1751 pecunias
1319 1655 1667 1753 exigebant
1689 1647 1729 1742 ‚⁴
1758 1679 2043 1752 quorum
2093 1654 2140 1729 fi
2172 1675 2330 1727 arva

160 1747 428 1846 Hispani
445 1748 648 1820 duces
685 1745 1054 1822 insedissent
1074 1804 1095 1837 ,
1142 1747 1385 1820 nullum
1423 1753 1568 1820 latis
1606 1752 1881 1848 pretium
1918 1744 2333 1822 suffecturum

159 1842 282 1916 fuit
297 1839 382 1914 ad
401 1842 805 1915 redimendas
828 1845 1118 1937 injurias.
1170 1843 1308 1917 Sub
1347 1844 1479 1941 ipsa
1501 1843 2154 1939 quidemvcastrorum
2186 1861 2333 1914 mu·-

159 1942 445 2010 nimenta
461 1936 791 2010 versabant
808 1960 1005 2037 agros
1030 1992 1052 2026 ,
1109 1933 1457 2009 &Femina
1503 1938 1704 2009 humo
1725 1933 2095 2010 inferebant
2118 1992 2138 2026 ,
2159 1937 2330 2008 adeo

155 2041 298 2105 hon
319 2032 646 2130 praesentis
683 2029 889 2103 mo‘do
914 2086 935 2120 ,
979 2028 1086 2104 sed
1125 2031 1326 2103 futuri
1369 2038 1683 2129 temporis
1721 2028 1945 2103 securi.
2000 2031 2335 2129 Comper-

153 2133 440 2222 tutnque
460 2124 569 2196 usu
595 2180 615 2213 ,
666 2126 817 2197 retii
843 2129 918 2196 δε
938 2127 1168 2226 gloriae
1207 2125 1548 2225 diligentes
1583 2123 1813 2197 ambiri
1840 2127 2013 2196 ultro
2035 2149 2335 2196 commo·

153 2224 267 2294 dis
287 2275 314 2308 ,
363 2241 511 2317 quae
529 2225 636 2293 vix
668 2244 782 2318 per
812 2221 1007 2293 nefas·
1029 2221 1136 2293 alii
1180 2225 1268 2292 δι’
1292 2225 1617 2302 contraria
1657 2219 1865 2292 studia
1899 2218 2329 2314 assequantur}

147 2318 351 2390 Nam
402 2320 803 2388 continentia
843 2318 992 2389 baec
1030 2317 1409 2390 incredibile
1472 2335 1785 2418 quantum
1821 2314 2057 2389 laxavit
2114 2309 2332 2387 anno*-

155 2436 306 2484 nam
335 2466 356 2498 ,
405 2431 554 2482 cum
594 2428 889 2508 raptores
928 2432 1143 2484 rerum
1179 2417 1477 2486 omnium
1545 2414 1810 2511 penuria
1842 2411 2328 2483 afflictarentur.

159 2509 250 2577 ‘At
287 2503 721 2578 Mansfeldius‘
755 2504 1233 2605 circumspeffis
1273 2506 1556 2580 hostium
1597 2509 2013 2599 munimentis
2055 2510 2279 2576 anxius
2303 2556 2328 2590 ,

159 2605 239 2673 Bc
265 2655 285 2689 ,
332 2622 482 2699 quae
499 2623 749 2698 magnae
784 2602 1240 2700 ‘trepidationis
1283 2595 1670 2689 natur'a'est,
1716 2600 1906 2673 nullis
1923 2599 2331 2672 confiliisin-

157 2695 373 2771 {istens
403 2748 428 2781 ,
471 2693 627 2766 dum
648 2719 687 2767 e
711 2698 959 2769 cun'ffls
990 2701 1269 2770 maxime
1312 2694 1606 2796 displicet
1634 2695 1828 2793 'quod
1847 2689 2040 2768 semel
2059 2694 2331 2790 placuit,

160 2794 447 2891 primum
492 2789 661 2861 haud
724 2790 953 2889 procul
1017 2796 1337 2864 Mauritio
1398 2794 1765 2863 communit
1813 2787 1937 2862 sese
1972 2820 2013 2877 ,¹
2044 2808 2218 2859 tanta
2262 2790 2334 2859 vi

156 2886 602 2957 machinarum
642 2938 663 2972 ,
715 2886 890 2958 velut
922 2886 1154 2959 urbem
1188 2911 1323 2959 non
1363 2882 1562 2958 castra
1611 2909 1659 2958 o
1709 2894 2107 2986 pugnaturus
2140 2905 2333 2952 acce-

156 2979 373 3054 deret.
469 2978 569 3052 Ibi
606 3002 755 3049 cum
793 2979 932 3052 dies
973 2978 1283 3059 haefiffent
1315 2980 1544 3052 decem
1572 3034 1594 3068 ‚
1647 2910 1723 3050 g
1759 2984 2082 3075 equitatus
2116 2974 2331 3047 Breda

154 3071 445 3173 egressus
463 3073 676 3145 ar&os
697 3074 811 3173 ipfi
843 3095 1249 3163 commeatus
1282 3074 1519 3147 faceret
1543 3128 1564 3160 ,
1614 3072 1867 3175 sperans
1901 3095 1940 3144 e
1978 3071 2335 3144 Silvaducis

158 3167 490 3280 promtius
522 3170 750 3240 cuneta
789 3167 1048 3243 subvehi
1130 3164 1312 3255 offe,
1357 3172 1759 3241 transmovet
1787 3170 1964 3262 juxta
1986 3162 2336 3236 Hobenlo-

157 3288 298 3336 rum
336 3262 532 3334 castra
567 3316 587 3347 ‚
635 3263 787 3337 inde
826 3267 1036 3338 modo
1097 3263 1653 3364 uperstagnantem
1689 3263 1900 3334 lacum
1937 3258 2244 3331 diducere
2261 3264 2329 3329 in

155 3350 449 3432 veterem
479 3356 687 3430 Mosae
724 3359 973 3433 alveum
1007 3378 1279 3457 param,
1327 3358 1538 3429 modo
1579 3381 1764 3433 naves
1806 3353 2085 3428 hostium
2106 3354 2357 3451 abige·-

157 3476 232 3527 re
260 3508 282 3540 ,
333 3472 444 3524 aut
465 3452 646 3548 quod
664 3452 980 3552 reliquum
1010 3458 1248 3554 equitis
1269 3447 1640 3551 propulsare
1661 3509 1683 3542 ,
1703 3472 1709 3477 ·
1733 3472 1869 3550 quo
1893 3452 2121 3520 tutiori
2138 3470 2332 3519 com-
2426 3516 2430 3520 Α

159 3550 383 3620 meatu
424 3546 764 3620 frueretur.
836 3552 1139 3623 Tandem
1174 3553 1270 3622 vir
1384 3570 1447 3617 ta
1464 3543 1789 3647 fascesque
1825 3547 2125 3643 congerit
2149 3599 2170 3631 ,
2217 3546 2337 3616 ve'·

161 3638 261 3714 lut
307 3665 427 3741 per
469 3643 628 3716 vada
649 3644 955 3739 paludum
994 3649 1060 3717 in
1096 3670 1142 3716 o
1192 3648 1256 3741 pi
1308 3667 1414 3713 um
1447 3644 1847 3740 irrupturus‚
1882 3663 2022 3729 non
2059 3658 2192 3711 tam
2220 3639 2332 3739 spe

158 3742 337 3808 certa
355 3730 570 3835 aliqua
594 3792 616 3824 ,
662 3758 862 3836 quam
903 3764 988 3812 ne
1025 3741 1134 3813 nul
1159 3763 1264 3809 am
1301 3739 1540 3821 habere,
1570 3738 1919 3812 videretur.
1972 3738 2153 3831 Qae
2172 3736 2331 3809 dum

152 3834 380 3906 irritus
431 3833 638 3906 voluit
682 3892 704 3920 ‚
755 3839 832 3919 &
915 3859 1006 3917 uo
1046 3840 1256 3911 minus
1291 3831 1533 3907 diversa
1570 3837 1637 3905 in
1689 3857 1758 3906 re
1807 3834 1957 3904 ione
1998 3828 2333 3904 fortunam
2376 3876 2419 3886 ·-

148 3946 436 3999 tentaret
468 3981 494 4016 ‚
529 3926 887 4027 'conspectu
974 3929 1209 4029 oppidi
1252 3948 1329 3999 ac
1366 3927 1589 4000 militis
1638 3930 1731 4003 ob
1757 3926 1865 4001 effi
1912 3925 2051 4025 spes
2092 3926 2336 3999 ultimae

137 4042 381 4096 vetant
420 4076 441 4108 ‚
494 4044 610 4118 per
643 4030 855 4097 otium
900 4023 1098 4097 hostis
1145 4027 1437 4095 Mam-itii
1498 4045 1701 4121 opera
1757 4022 2334 4120 promovebantur.

152 4114 287 4193 Sed
309 4116 475 4200 nihil
493 4125 699 4215 magis
738 4112 1047 4217 &rigabat
1082 4139 1277 4216 quam
1299 4121 1589 4283 pauciffis
1623 4118 1903 4192 militum
1925 4168 1947 4204 ,
1991 4114 2333 4189 laboribus

163 4220 172 4229 “
269 4236 278 4239 ·
527 4256 534 4261 -
1764 4226 1769 4229 ’
2250 4224 2330 4278 ac
