2900 4628
345 167 1710 274 His-ronianv‘m'rtn.
1794 201 1980 278 xit.
2138 220 2272 300 «ης

85 291 89 298 ’
121 298 300 381 lium.
329 306 769 405 Docebatque
787 306 1057 404 idipffim
1076 306 1769 396 Oldenbarneveldius‚
1793 331 2019 382 arcana
2036 309 2282 385 Foede-
2348 324 2554 423 1603,

116 423 407 476 rarorum
425 403 694 474 tractare
713 400 958 488 solitus,
982 403 1232 499 prolata
1253 403 1436 475 ducis
1458 406 1836 476 Brunovicis
1854 426 2284 502 meumque-tn

118 494 333 580 Caefsar
352 492 683 567 Rudolfus
700 497 835 589 ejus
857 500 946 566 rei
966 493 1292 565 conscium
1312 496 1572 568 fecerat.
1629 500 1778 568 Nec
1800 496 1884 569 fic
1901 500 2165 594 quidem
2186 522 2286 571 re·

111 589 418 687 frigerata
445 587 670 661 Iacobi
694 594 757 664 in
779 612 1006 685 pacem
1026 586 1434 660 festinatione
1458 643 1479 675 ,
1523 592 1929 664 contendunt
1948 597 2139 665 unice
2156 596 2287 665 Ba-

112 691 244 773 tavi
270 706 339 754 ut
360 685 742 755 auxiliorum
775 682 821 754 fi
843 681 1119 778 speciem
1137 680 1436 755 obtinere
1454 708 1588 756 non
1614 682 1867 781 poffent
1889 739 1909 772 ‚
1953 688 2052 779 jus
2070 705 2290 762 tamen
2397 708 2431 742 N

112 777 268 874 ipfis
288 801 371 849 ne
391 797 748 875 negaretur.
795 776 1149 870 Adjutabat
1185 776 1293 848 has
1316 798 1537 873 preces
1563 778 1793 851 Galliae
1811 781 1960 852 Rex
1983 833 2006 867 ‚
2044 776 2285 864 susten·

114 872 335 943 randis
351 871 541 943 sociis
557 872 779 940 anxius
805 892 843 944 ,τ
882 869 1162 966 ideoque
1182 873 1246 941 in
1283 871 1588 967 Angliam
1620 868 1869 968 miserat
1892 871 2286 948 Maximilia-

115 988 277 1036 num
300 951 710 1037 Rhoniacutn
737 1016 759 1049 ,
801 969 1005 1034 aerarii
1023 968 1110 1034 lui
1130 964 1460 1037 custodem
1482 1018 1504 1053 ‚
1553 972 1631 1036 δε
1652 966 1931 1040 confiniis
1951 968 2282 1041 intimum.

116 1057 328 1131 Ratio
348 1060 605 1130 tandem
623 1056 758 1127 haec
780 1078 1029 1156 reperta
1049 1112 1072 1142 ,
1095 1078 1165 1127 ut
1183 1063 1621 1155 pecuniarum,
1652 1083 1811 1156 quae
1836 1061 2059 1135 Gallus
2077 1064 2142 1131 in
2161 1064 2286 1133 Ba-

111 1174 302 1225 tavos
321 1171 618 1250 erogaret
638 1204 659 1237 ‚
684 1174 825 1247 pars
849 1156 1032 1223 tertia
1055 1155 1368 1223 Britanno
1403 1157 1491 1223 im
1583 1175 1822 1227 taretur
1844 1211 1864 1244 ‚
1885 1154 2288 1227 exsolvendis

112 1248 497 1317 nominibus
530 1267 674 1340 quae
698 1245 902 1317 Gallia
926 1244 1046 1315 suis
1063 1247 1393 1317 contraQa
1416 1246 1499 1318 be
1523 1249 1599 1317 lis
1620 1251 1961 1322 Britanniae
1983 1247 2287 1324 deberet.

112 1341 248 1420 His
262 1343 554 1413 contenti
576 1336 1283 1437 Ordines,quanquam,
1301 1363 1419 1439 per
1437 1339 1801 1414 Rudolfum
1824 1341 2284 1431 Winwodum,

111 1433 326 1534 Regis
349 1439 695 1505 Britanniae
718 1453 1046 1505 oratorem
1066 1488 1087 1520 ,
1137 1440 1409 1521 tentati,
1445 1459 1602 1505 num
1628 1440 1703 1506 δε
1726 1438 1842 1535 ipfi
1949 1434 2282 1508 &ionibus

108 1527 583 1626 comprehendi
603 1526 859 1612 vellent,
882 1550 1033 1599 curn
1051 1533 1397 1625 gratiarum
1414 1529 1673 1601 ata-ione
1691 1533 1839 1604 recu
1979 1550 2074 1610 nt.
2136 1532 2285 1601 Re-

108 1623 366 1721 liquum
405 1626 555 1695 anni
579 1645 653 1693 ca
702 1616 975 1694 effendis
1003 1623 1186 1720 regni
1207 1621 1573 1699 solennibus
1608 1620 2007 1723 visendaeque
2025 1623 2281 1720 Angliae

109 1718 395 1793 lacobus
417 1722 633 1814 impen
683 1719 732 1785 it
750 1771 774 1801 ,
796 1719 1054 1787 interim
1069 1718 1343 1789 aliorum
1360 1739 1586 1814 regum
1608 1770 1631 1805 ,
1649 1717 1741 1790 fini
1810 1744 1849 1791 u
1948 1742 2028 1790 ue
2042 1715 2276 1818 populi
2448 1775 2453 1780 .

108 1811 472 1913 legationes
490 1809 775 1881 audiens.
798 1813 1089 1881 Tironus
1119 1807 1250 1907 ipse
1269 1810 1718 1883 Hibernorum
1733 1835 1801 1884 re
1889 1813 1910 1885 1
1935 1819 2068 1883 ium
2087 1815 2271 1896 Dux,
2305 1817 2483 1875 Timo
2506 1816 2605 1892 αἱ

108 1911 368 1986 veniam
386 1908 573 2003 petiit
605 1908 1007 1998 accepitque.
1070 1905 1179 1975 De
1208 1901 1522 2002 religione
1550 1906 1829 1999 querelae
1847 1903 2278 1978 afferebantur
2303 1886 2569 1952 ww·
2644 1921 2647 1924 ’

110 1997 380 2073 diversae
415 2023 455 2070 e
495 1996 736 2095 duplici
778 1996 1111 2068 hominum
1135 2020 1391 2095 genere.
1442 1999 1790 2070 Puritanos
1821 2004 1888 2072 in
1908 1998 2283 2096 Angliavo-
2364 2053 2370 2062 .

108 2115 272 2167 cant
299 2147 320 2182 ,
363 2098 477 2189 qui
497 2089 786 2162 Ecclefiae
810 2089 1037 2162 statum
1075 2092 1242 2163 haud
1261 2091 1418 2161 dum
1437 2089 1586 2163 satis
1606 2091 1734 2164 illic
1752 2096 2070 2191 integrum
2086 2111 2288 2190 atque

105 2189 439 2263 fincerum
460 2183 821 2257 existimant
850 2237 872 2272 ‚
899 2188 988 2274 A&
1036 2188 1328 2283 puritatis
1364 2186 1640 2284 amplius
1683 2193 2063 2285 requirunt,
2112 2185 2289 2258 undo

101 2280 553 2382 origoodiofi
573 2280 879 2351 nominis.
927 2282 1019 2351 Hi
1063 2279 1259 2351 multa
1277 2303 1360 2351 ex
1392 2285 1588 2352 veteri
1626 2280 1736 2355 usu
1773 2301 2019 2355 retenta
2034 2288 2289 2378 improd-

105 2376 280 2451 bant
302 2434 322 2462 ,
359 2374 712 2447 antistitum
733 2374 995 2445 ordines
1014 2429 1037 2457 ,
1082 2375 1332 2446 additas
1364 2372 1683 2472 baptismo
1701 2379 2115 2449 caeremonias
2139 2427 2162 2461 ,
2196 2379 2285 2447 δε

107 2470 247 2544 alia
266 2478 502 2542 rituum
521 2472 722 2567 tnagis
746 2489 941 2565 quam
961 2469 1344 2565 dogmatum
1371 2493 1403 2557 ,t
1437 2492 1583 2565 quae
1603 2472 1833 2543 cunQa
1850 2474 2082 2543 mutari
2102 2465 2287 2567 poffe

111 2562 267 2664 spes
292 2563 440 2637 inde
466 2618 486 2650 ,
569 2568 670 2633 uia
678 2564 815 2657 jam
834 2561 1084 2660 pridem
1119 2565 1302 2636 Scoti
1324 2565 1700 2637 re'ecerant.
1754 2565 2008 2638 Contra
2026 2565 2284 2635 Roma·

110 2658 354 2735 nenses
378 2712 401 2745 ,
439 2682 547 2728 mu
576 2679 710 2728 tum
743 2654 989 2733 laudata
1012 2657 1341 2753 religionis
1361 2590 1481 2729 131ae
1518 2677 1656 2730 tum
1674 2658 1828 2731 alibi
1848 2680 1987 2729 tum
2004 2679 2123 2756 per
2142 2658 2287 2727 Bri·

113 2758 412 2831 tanniam
445 2755 859 2848 antiquitate,
907 2754 980 2819 δε
1003 2748 1105 2823 sua
1144 2758 1211 2822 in
1254 2753 1512 2850 Regem
1547 2755 1882 2851 Regisque
1899 2771 2169 2825 matrem
2195 2747 2287 2820 fi·-

114 2850 253 2932 de‚
297 2847 345 2921 fi
380 2867 515 2918 non
553 2846 852 2940 publice,
903 2841 1090 2941 quod
1142 2865 1360 2917 tamen
1400 2851 1470 2917 in
1506 2848 1714 2919 Gallia
1757 2871 1873 2919 rex
1908 2842 2284 2918 diffentien-

120 2944 304 3017 tibus
322 2945 718 3041 permitteret
746 2993 769 3027 ‚
803 2959 871 3008 at
889 2943 1186 3036 privatim
1204 2943 1424 3011 Deum
1446 2938 1663 3011 colere
1683 2944 1897 3037 patrio
1916 2943 2045 3010 ritu
2064 2941 2154 3008 im
2247 2967 2283 2991 ⁴·
2694 2976 2697 2977 f

120 3063 215 3114 ne
235 3059 303 3106 ut
326 3027 575 3133 possent
587 3034 884 3109 orabant.
937 3032 998 3101 V
1167 3056 1245 3106 ue
1267 3056 1486 3131 preces
1504 3034 1790 3128 rejeetae:
1811 3030 2110 3132 suspeetis
2198 3055 2279 3100 o·
2346 3032 2601 3099 man:

123 3129 529 3205 manenfibus
561 3130 654 3200 ob
685 3151 828 3200 eam
848 3180 869 3212 ‚
914 3150 1109 3222 quam
1149 3058 1458 3200 ‘l’ontifex
1492 3130 1830 3199 Romanus
1868 3132 1935 3199 in
1954 3147 2136 3221 reges
2154 3123 2277 3198 fibi
2306 3119 2600 3172 ’'m““ffl

128 3221 413 3299 vindicat
434 3222 835 3321 potestatem.
855 3222 937 3290 Et
964 3224 1276 3292 Puritanis
1300 3221 1549 3294 infenso
1570 3222 1759 3318 Rege
1783 3274 1805 3307 ‚
1840 3220 2026 3317 quod
2040 3220 2122 3291 ab
2137 3220 2272 3313 ejus
2297 3199 2604 3332 m

127 3316 316 3392 seetae
337 3316 700 3388 bominibus
725 3368 748 3402 ‚
797 3338 912 3412 per
944 3313 1219 3410 speciem
1253 3315 1698 3389 Ecclefiasticae
1716 3315 2116 3387 auam-itatis
2137 3357 2160 3400 ‚
2205 3316 2274 3385 in
2298 3327 2471 3408 nque.
2595 3324 2604 3331 ’

129 3414 357 3486 Scotia
394 3416 602 3482 minus
640 3426 1000 3482 reverenter
1032 3409 1285 3481 habitus
1315 3406 1514 3497 esset3
1562 3409 1733 3482 unde
1749 3433 1981 3481 corum
1997 3412 2281 3505 pertina-

122 3511 297 3578 ciarn
313 3500 562 3601 scriptis
580 3526 848 3600 quoque
868 3501 1062 3577 editis
1079 3502 1412 3575 accusabat
1458 3528 1479 3573 ε
1525 3509 1773 3602 quippe
1790 3504 2030 3577 liberos
2052 3505 2290 3600 cuique

219 3604 312 3672 nti
335 3604 493 3671 ritus
512 3655 534 3684 ‚
578 3622 750 3695 quos
771 3597 984 3672 divina
1021 3598 1123 3670 lex
1141 3622 1278 3669 non
1291 3618 1555 3693 „vetaret
1580 3653 1602 3687 ‚
1652 3603 1728 3668 &
1748 3596 1988 3671 summa
2004 3601 2194 3669 etiam
2217 3602 2289 3670 in
2426 3602 2449 3627 ’Χ

125 3623 324 3769 {ems
359 3717 578 3792 regum
613 3697 902 3788 imperia.
974 3692 1304 3785 Quadam
1321 3711 1535 3765 tamen
1552 3718 1635 3767 ex
1668 3693 1927 3769 illorum
1948 3712 2110 3765 voto
2130 3715 2291 3767 con-

126 3786 351 3860 stituta
398 3812 418 3859 z
468 3808 547 3859 ne
568 3785 809 3858 sacrum
839 3785 1149 3884 baptisma
1185 3788 1472 3865 foeminae
1507 3809 1619 3860 aut
1655 3790 1885 3886 privati
1904 3787 2291 3875 tra&arent3

129 3903 220 3954 ne
243 3880 422 3978 plura
462 3886 528 3953 in
563 3904 759 3951 unum
796 3878 1146 3962 sacerdotia
1177 3880 1651 3954 cumularentur
1670 3912 1692 3966 3
1745 3883 1820 3951 δι
1841 3886 1913 3953 in
1928 3902 2147 3953 mores
2161 3881 2294 3955 do-

125 3974 536 4074 §trinamque
565 3974 1004 4059 ministrorum
1032 3973 1313 4045 ecclefiae
1352 3979 1602 4048 acriora
1634 3972 1897 4073 judicia.
1952 3976 2081 4047 Sed
2105 3977 2293 4048 Puri-

122 4087 437 4149 tanorum
476 4063 719 4143 offensa
755 4073 922 4143 intra
971 4088 1167 4144 voces
1177 4065 1374 4236 ὲὶςῑίι
1419 4093 1442 4141 .·
1491 4085 1604 4143 aut
1653 4070 1814 4167 fiqui
1853 4068 2294 4231 mimspoffsm

1254 4184 1294 4236 e
1334 4186 1382 4243 2
1492 4212 1495 4221 2
2036 4182 2154 4237 mo
2223 4179 2299 4233 e·
