2900 4628
265 114 1318 210 HisToRiA-Rviu
1401 142 1650 210 LIB.
1731 142 1989 212 xvii.
2118 161 2313 229 ςςι4

92 246 393 321 laudator.
460 252 614 325 Hoc
628 245 1016 318 conciliante
1031 247 1340 320 Emanuel
1359 249 1693 323 Lusitanus
1718 305 1741 333 ,
1757 257 1863 321 cui
1888 249 2123 321 sororis
2143 250 2238 323 ob
2265 242 2288 257 “
2311 258 2514 330 1608,
2566 295 2584 329 s

91 345 565 413 matrimonium
586 338 899 412 infensum
919 346 1303 414 Mauritium
1323 342 1476 414 alibi
1498 348 1995 417 memoravimus
2018 399 2037 429 ,
2083 369 2233 415 cum
2302 386 2568 452 Em&

95 436 292 508 domo
326 432 626 507 Naffavia
663 440 729 505 in
764 439 1037 531 gratiam
1078 436 1294 506 rediit.
1387 438 1632 509 Militia
1674 440 1888 509 adium
1912 439 2067 508 nibil
2105 439 2231 508 -bac
2259 460 2491 537 Lufitm

92 530 498 627 tempestate3
548 528 660 601 nisi
680 531 864 624 quod
874 532 1059 624 juxta
1081 530 1582 627 Ardenburguni
1604 532 1742 604 caesi
1763 585 1783 616 ‚
1822 536 1934 627 qui
1956 530 2229 628 oppida-
2259 532 2469 621 dorm

89 649 315 695 norum
334 626 555 720 pecori
572 621 1048 694 insidiabantur.
1126 623 1408 694 Vicislirn
1428 629 1824 696 Germanico
1847 649 2009 723 agro
2028 626 2227 695 licen·
2264 608 2555 739 Nssm

86 721 216 789 tius
231 717 531 791 cursitans
547 739 744 812 eques
761 719 1031 787 Batavus
1051 740 1276 811 poenas
1297 718 1503 800 dedit,
1525 742 1670 788 nam
1689 718 1942 790 seorsim
1962 719 2222 793 noctem
2257 695 2358 736 ’w

83 833 347 907 agentes
363 810 614 905 aliquos
628 833 669 879 e
687 814 976 880 Bercano
998 809 1291 906 praesidio
1309 812 1560 882 immisli
1579 817 1959 908 opprimunt
1981 837 1998 880 ε
2023 835 2226 883 occu·-

85 906 359 1002 buitque
379 910 543 975 inter
570 924 841 984 caeteros
864 904 1205 1001 Adolpbus
1232 904 1568 975 Nassavius
1592 910 1807 1005 magni
1844 910 2041 978 animi
2062 906 2227 976 ado·
2298 937 2558 1012 Adolpbm

80 998 320 1071 lescens
348 1053 369 1085 ‚
407 998 516 1070 sed
536 1003 647 1094 qui
671 998 944 1069 militem
963 997 1394 1094 indulgentius
1415 999 1700 1070 haberet.
1771 999 2011 1070 Verum
2034 999 2227 1070 breve
2259 1008 2522 1082 Naffavieu

79 1091 432 1167 victoribus
452 1093 759 1190 gaudium
801 1114 820 1159 :
868 1115 1013 1161 nam
1029 1098 1275 1164 coortis
1294 1092 1582 1187 undique
1603 1098 1829 1165 turmis
1851 1098 2080 1191 majori
2103 1117 2230 1163 cae-
2262 1084 2471 1140 “¹²²¹''-

81 1187 174 1260 de
191 1188 391 1259 caedes
414 1183 667 1282 penlata
686 1184 802 1278 est.
872 1184 1130 1256 Habuit
1150 1187 1252 1269 liic
1290 1211 1495 1258 annus
1519 1189 1684 1277 haud
1710 1184 2039 1295 spernendi
2063 1210 2238 1281 quo-

80 1303 216 1376 que
228 1283 377 1354 mali
392 1284 625 1353 semina
656 1334 676 1366 ‚
722 1284 829 1350 vix
848 1299 916 1349 ut
932 1302 1103 1353 arma
1122 1278 1434 1351 desierant
1455 1334 1477 1367 ,
1518 1302 1759 1353 exorto
1779 1280 2053 1377 publicae
2083 1279 2232 1349 reli·

80 1379 296 1473 gionis
343 1372 599 1446 diffidio
617 1427 637 1458 ‚
681 1371 1028 1444 latentibus
1070 1377 1272 1449 initiis
1294 1427 1315 1460 ,
1363 1374 1469 1446 sed
1494 1396 1564 1444 ut
1590 1375 1891 1472 paulatim
1918 1381 1984 1444 in
2025 1374 2227 1469 majus

77 1488 463 1565 erumperet.
530 1467 836 1565 Lugduni
858 1465 1055 1537 sacras
1099 1467 1315 1540 literas
1335 1468 1663 1540 docebant
1702 1474 1817 1542 viri
1858 1467 2224 1539 eruditione
2294 1516 2441 1585 super
2465 1514 2555 1568 at?-

74 1561 442 1660 praestantes
466 1566 790 1635 Gomarus
814 1566 889 1631 δε
910 1564 1242 1632 Arminius
1267 1616 1288 1649 ‚
1310 1585 1590 1657 quorum
1610 1562 1712 1632 ille
1734 1584 1965 1633 aeterna
1986 1565 2116 1632 Dei
2132 1563 2224 1632 lev
2256 1599 2367 1658 qm
2380 1583 2559 1670 religio·

74 1656 379 1755 gefixum
399 1656 850 1740 memorabat,
898 1661 1000 1726 cui
1025 1654 1359 1725 hominum
1378 1654 1538 1728 salus
1573 1656 2030 1741 destinaretur,
2077 1658 2222 1816 &uis
2254 1656 2554 1786 ἷζῖρὶὲξ-εα

71 1757 154 1824 in
172 1754 435 1821 exitium
455 1749 769 1820 tenderet.
836 1749 998 1820 Inde
1014 1748 1172 1818 alios
1193 1748 1273 1821 ad
1345 1753 1603 1827 {etatem
1637 1752 1801 1820 trahi
1831 1805 1851 1836 ‚
1896 1755 2079 1820 &tra
2147 1772 2225 1819 os
2253 1816 2453 1857 nra-um
2485 1798 2556 1867 ‹5-
2629 1844 2634 1847 ,
2719 1738 2726 1743 ’

71 1844 389 1916 custodiri
412 1867 492 1914 ne
528 1843 862 1916 elabantur
900 1866 919 1913 ε
971 1844 1304 1937 relinquia
1330 1847 1429 1913 ios
1463 1847 1796 1917 communi
1819 1844 2225 1915 humanitatis
2259 1872 2555 1928 Aminiam

69 1942 245 2011 vitio
270 1943 341 2007 &
363 1938 486 2009 suis
522 1936 894 2033 criminibus
916 1936 1260 2010 involutos.
1330 1940 1461 2007 Hic
1482 1961 1637 2025 vero
1657 1956 1885 2008 contra
1908 1942 2229 2036 integrum
2262 1938 2473 2017 diffuiia.

61 2031 406 2130 judicem,
428 2030 534 2103 sed
552 2030 826 2115 eundem
844 2035 1166 2126 optimum
1188 2048 1435 2125 patrem
1459 2085 1480 2115 ,
1505 2030 1571 2101 id
1596 2054 1852 2102 reorum
1872 2029 2086 2100 secisse
2107 2024 2234 2099 dis-

68 2132 324 2200 crimen
349 2177 370 2212 ,
420 2144 490 2201 ut
513 2125 821 2220 peccandi
844 2124 1122 2221 pertaefis
1142 2122 1575 2220 fiduciamque
1595 2130 1659 2195 in
1692 2123 2017 2195 Christum
2041 2146 2237 2218 repo-

68 2220 385 2294 nentibus
400 2222 651 2291 veniam
667 2242 749 2306 ac
768 2222 961 2290 vitam
983 2216 1687 2302 daret‚contumacibus
1756 2241 1971 2288 cenam
1995 2251 2017 2303 3
2043 2222 2238 2287 Deo-

66 2338 210 2413 que
232 2337 515 2414 gratum,
534 2334 603 2384 ut
626 2338 853 2385 omnes
874 2310 1256 2408 resipiscant,
1274 2335 1350 2382 ac
1370 2312 1635 2383 meliora
1652 2243 1869 2384 eclloffi
1893 2317 2231 2390 retineant:
2260 2370 2263 2375 .

66 2410 187 2486 led
207 2414 358 2508 cogi
381 2410 725 2481 neminem.
810 2404 1346 2500 Accusabantque
1366 2409 1680 2493 invicem,
1730 2412 2058 2479 Arminius
2089 2411 2240 2478 Go-

63 2528 389 2592 marum,
423 2502 605 2598 quod
631 2502 930 2599 peccandi
976 2496 1188 2571 causas
1213 2506 1365 2573 Deo
1388 2499 1753 2574 afferiberet
1785 2555 1805 2590 ,
1853 2525 1927 2571 ac
1951 2500 2062 2570 fati
2088 2523 2232 2597 pei·-

63 2597 362 2672 suafione
396 2618 645 2678 teneret
687 2595 1053 2667 immobiles
1088 2598 1342 2666 animos
1385 2627 1405 2666 .-
1445 2600 1770 2667 Gomarus
1811 2594 2179 2684 Arminium
2208 2601 2268 2679 ,⁴

62 2692 259 2790 quod
293 2689 718 2787 longiusipfis
757 2687 1263 2760 Romanenfium
1288 2686 1460 2760 scitis
1496 2691 1825 2759 hominem
1861 2691 2233 2783 arrogantia

61 2786 376 2884 impleret
397 2838 418 2871 ‚
449 2807 589 2858 ,nec
622 2803 940 2882 pateretur
959 2782 1073 2852 soli
1100 2785 1255 2853 Deo
1289 2803 1616 2878 acceptam
1639 2782 1785 2853 ferri
1810 2833 1831 2866 ‚
1874 2802 2005 2851 rem
2026 2783 2232 2849 maxi-
2292 2826 2296 2829 >

63 2905 251 2952 mam
276 2933 296 2963 ,
337 2878 577 2952 bonam
600 2898 899 2948 mentem.
972 2874 1242 2946 Constat
1260 2877 1356 2947 bis
1381 2928 1402 2960 ‚
1439 2879 1624 2969 queis
1644 2873 2025 2970 cura-legere
2046 2895 2223 2946 vete·
2292 2892 2518 2970 ,φηιηὸ

58 2998 220 3044 rum
252 2974 454 3047 libros
477 3026 500 3058 ,
547 2977 851 3067 antiquos
886 2968 1397 3043 Christianorum
1414 2965 1701 3040 tribuisse
1736 2968 2072 3039 bominum
2107 2990 2221 3039 vo·
2238 2965 2485 3048 Jmf‘mff‘*

59 3069 304 3142 luntati
342 3073 471 3155 vim
484 3066 758 3154 ‚liberam
781 3108 805 3151 ,1
846 3083 983 3150 tam
1003 3067 1068 3133 in
1085 3062 1477 3162 acceptanda
1499 3117 1520 3151 ,
1563 3073 1761 3157 qu'am
1785 3067 1850 3133 in
1889 3061 2220 3134 retinenda
2254 3039 2555 3165 &ab

56 3160 408 3258 disciplina
428 3196 450 3251 ;
472 3162 642 3233 unde
661 3159 763 3230 sua
781 3161 1060 3256 praemiis
1077 3182 1152 3228 ac
1172 3157 1494 3265 suppliciis
1512 3163 1798 3252 aequitas.
1858 3160 2106 3253 Neque
2123 3160 2217 3226 ei·
2247 3179 2555 3254 mmsm.
2595 3213 2600 3220 .

57 3257 228 3328 dem
246 3278 461 3328 tamen
481 3250 750 3325 omisere
763 3254 991 3323 cuneta
1011 3251 1292 3330 divinam
1310 3251 1392 3323 ad
1416 3250 1774 3335 bonitatem
1797 3251 2035 3321 referre
2062 3304 2081 3335 ‚
2103 3274 2217 3320 cu-
2255 3269 2420 3311 tm*-
2445 3319 2446 3322 ,
2597 3252 2624 3294 ·”

43 3355 170 3449 jus
192 3373 456 3423 munere
470 3347 733 3421 salutare
747 3342 954 3418 semen
974 3346 1055 3416 ad
1072 3370 1191 3416 nos
1210 3342 1585 3442 pervenisset
1609 3398 1628 3431 ‚
1661 3370 1736 3415 ac
1757 3347 1934 3438 cujus
1951 3344 2224 3442 singula-

52 3451 119 3520 ri
137 3445 389 3536 auxilio
408 3443 683 3540 pericula
720 3441 932 3512 nostra
953 3439 1341 3536 indigerent.
1413 3440 1664 3509 Primus
1680 3445 1975 3510 omnium
1993 3443 2219 3534 Augu-
2294 3444 2488 3502 Primus

52 3542 273 3614 stinus
301 3593 319 3626 ‚
336 3566 421 3620 ex
434 3563 571 3636 quo
592 3535 702 3633 ipsi
719 3559 866 3608 cuni
892 3535 1155 3631 Pelagio
1177 3538 1246 3602 &
1266 3556 1411 3603 eum
1430 3532 1656 3604 secutis
1674 3547 1998 3605 certamen
2022 3534 2048 3624 (
2071 3555 2227 3602 nam,
2251 3515 2555 3592 Augustinus
2597 3579 2600 3582 ι

309 3639 320 3649 .
547 3637 558 3649 .
588 3636 592 3640 .
1272 3632 1282 3642 .
1569 3632 1578 3641 .
1665 3631 1677 3641 .
1710 3641 1726 3646 ,
1800 3633 1809 3643 .
2032 3634 2041 3642 .
2252 3587 2390 3647 aliter
2423 3588 2548 3645 doceo

49 3656 223 3711 ante
241 3636 425 3707 aliter
446 3640 519 3711 ὃς
541 3631 671 3731 ipse
692 3628 1005 3723 senserat)
1046 3651 1190 3714 acer
1220 3624 1581 3723 disputandi
1602 3679 1622 3712 ,
1660 3649 1747 3697 ita
1771 3625 2079 3700 libertatis
2100 3650 2218 3698 vo·
2250 3678 2304 3717 n
2319 3659 2470 3734 apg„

49 3755 220 3808 cem
238 3729 598 3824 relinquere
621 3781 641 3812 ,
678 3731 821 3822 utei
842 3723 1098 3795 decreta
1114 3720 1408 3815 quaedam
1428 3724 1557 3794 Dei
1580 3744 1985 3816 praeponeret
2011 3775 2031 3806 ‚
2049 3744 2225 3815 tquae

52 3831 204 3902 vim
259 3820 457 3922 ipsam
490 3821 808 3896 destruere
840 3816 1230 3888 viderentur.
1327 3818 1416 3885 At
1454 3838 1568 3911 per
1603 3819 1923 3887 Graeciam
1962 3817 2231 3910 quidem

56 3918 429 4012 Asiamque
467 3935 707 3987 retenta
741 3933 918 3985 vetus
955 3909 1059 3980 illa
1092 3932 1167 3979 ac
1187 3908 1537 4005 simplicior
1571 3905 1899 3982 sententia.
1974 3911 2238 3996 Peroc-

53 4015 407 4094 cidentem
443 4032 744 4107 magnum
789 4001 1126 4107 Augustini
1177 4027 1417 4072 nomen
1464 4002 1704 4075 multos
1745 4007 1934 4074 traxit
1969 4008 2031 4072 in
2070 4027 2240 4074 con·-

1155 4100 1237 4170 M
1262 4118 1328 4182 tn
1371 4118 1424 4193 4
1555 4173 1558 4178 ⁴
1954 4092 2244 4184 sensum,
