2900 4628
454 2439 459 2444 ²
522 2459 531 2464 ⁴
588 2459 854 2555 prodat.
924 2461 1327 2555 Qanquam
1369 2458 1445 2527 &

611 203 713 271 'xo
1039 186 1710 266 chole'
1817 189 2371 259 GROTI'I

598 309 765 381 lium
802 294 1251 387 damnaverant
1272 358 1293 391 ,
1336 303 1524 402 ejeffl
1562 300 1815 400 templis
1840 349 1862 389 ,
1892 320 2046 388 aut,
2081 295 2257 395 siqua
2295 296 2566 409 suspicio
2600 321 2761 461 fn-

605 407 755 473 vior
792 455 813 486 ,
872 403 1067 471 etiam
1106 402 1367 495 privatis
1406 397 1689 468 coetibus
1728 395 2126 469 arcebantur.
2203 396 2355 463 Nec
2386 394 2531 464 illos
2568 418 2611 489 p
2634 418 2759 464 ane

603 495 1027 580 damnaveris,
1043 496 1159 587 qui
1183 515 1372 590 prava
1394 496 1471 561 δε
1493 489 1784 561 moribus
1808 493 2005 559 noxia
2021 487 2361 572 docente-⁵,
2377 486 2578 558 exilio
2598 539 2622 572 ,
2642 491 2759 560 aut

493 638 501 649 -
603 589 935 661 honorum
957 662 964 670 ,
989 584 1363 656 facultatum
1416 608 1498 654 ue
1531 581 1903 655 ademtione
1929 637 1958 675 ²„
1987 580 2492 664 malem-erum
2540 581 2758 651 donec

603 681 910 778 paulatim
948 674 1324 751 melioribus
1445 673 1796 750 uesterent.
1866 675 1996 748 Sed
2037 697 2236 771 penes
2261 674 2663 771 magistratus
2685 675 2757 745 id

593 774 911 875 Jndicium
940 827 963 861 ,
1055 776 1118 843 ni
1156 771 1269 843 tali
1306 773 1690 870 cognitione
1728 794 1866 841 non
1891 766 2026 841 suas
2047 770 2306 865 injurias
2324 766 2760 863 exsequeban-
2847 832 2855 842 .

601 890 731 940 tur.
801 870 996 944 Sacer
1040 866 1265 939 otibus
1307 857 1676 963 permissum
1695 916 1718 949 ‚
1761 862 2195 960 imprudentia
2211 862 2438 933 devios
2460 866 2757 959 corrige-

601 968 675 1035 're
698 1015 721 1046 ,
768 964 844 1030 &
882 958 1202 1031 fictorum
1235 961 1730 1057 participatione
1763 980 1980 1030 arcere
2021 978 2042 1025 ε
2092 976 2234 1028 tum
2248 978 2404 1027 vero
2423 954 2754 1053 legitimus

601 1079 691 1126 co
740 1049 1254 1139 noscendiordo,
1276 1047 1441 1122 faffl
1459 1050 1926 1147 arguebantur,
1952 1053 2238 1146 cogitata
2261 1052 2522 1146 impune
2537 1069 2746 1121 erant.

604 1151 691 1223 Se
777 1152 844 1218 in
860 1147 1229 1245 sanguinem
1248 1141 1467 1217 saevire
1488 1167 1716 1215 eorum
1739 1197 1761 1229 ‚
1805 1166 1976 1240 quos
1993 1146 2125 1213 Dei
2143 1147 2513 1215 communis
2536 1148 2610 1213 &
2629 1148 2752 1213 im·-

599 1262 936 1340 perantum
993 1242 1347 1309 reverentia
1398 1258 1645 1310 teneret
1678 1291 1700 1324 ,
1746 1260 1784 1307 e
1834 1237 2067 1332 iscopis
2100 1238 2517 1307 inhumanum
2560 1290 2582 1324 ,
2627 1261 2751 1308 nec

599 1331 1003 1432 principibus
1023 1353 1234 1403 tutum
1252 1330 1608 1428 videbatur.
1680 1335 1772 1401 At
1787 1261 2077 1402 Romani
2098 1329 2456 1401 Pontifices
2474 1386 2498 1416 ,
2528 1329 2749 1404 seufim

597 1451 687 1500 eo
709 1425 976 1525 egreffi.‚
1005 1446 1077 1497 ut
1091 1428 1194 1521 jus
1213 1424 1463 1496 solertia
1483 1443 1736 1522 partum
1757 1445 2006 1497 terrore
2020 1427 2381 1508 munirent3
2402 1447 2550 1521 quae
2565 1427 2751 1523 prin·

595 1525 776 1617 cipes
800 1574 823 1607 ‚
868 1517 1204 1592 formidini
1236 1514 1354 1591 suae
1372 1520 1646 1591 nimium
1663 1515 1951 1590 faventes
1971 1572 1991 1605 ,
2038 1523 2107 1591 in
2126 1518 2582 1615 perduellionis
2599 1542 2750 1591 reos

591 1614 756 1685 dura
794 1634 994 1710 atque
1010 1613 1238 1685 acerba
1255 1612 1762 1699 constituerant,
1807 1612 2031 1685 eadem
2048 1615 2314 1687 voluere
2334 1616 2399 1683 in
2420 1634 2582 1701 eos,
2593 1616 2749 1778 13&

589 1706 873 1779 decretis
887 1706 1010 1778 fiiis
1026 1706 1511 1778 obluctarenrur
1535 1758 1557 1792 ‚
1602 1726 1675 1778 ut
1695 1709 1852 1779 Deo
1870 1705 2137 1780 rebelles
2157 1756 2179 1793 ,
2218 1703 2522 1803 usurpari.
2669 1722 2770 1791 ec

592 1820 845 1873 tantum
876 1798 1198 1899 episcopis
1235 1800 1591 1905 injunfflm
1626 1799 1794 1875 suam
1828 1797 2146 1873 ditionem
2161 1798 2421 1873 lustrare
2446 1854 2468 1886 ,
2513 1797 2622 1873 sed
2666 1806 2748 1872 δε

590 1920 742 1966 mos
785 1893 934 1990 ipfis·
957 1948 979 1981 ,
1025 1916 1165 1991 qno
1205 1896 1404 1965 visum
1441 1890 1693 1992 infirper
1710 1896 1966 1967 mittere
1983 1893 2355 1992 quaefitotes
2375 1893 2745 1992 ampliffima

464 2068 471 2075 J
590 1987 907 2087 potestate
933 2019 956 2074 3
1053 2011 1150 2058 uae
1182 2011 1283 2063 res
1318 1990 1575 2059 initium
1607 1991 1785 2084 cepit
1822 1985 2027 2060 ferme
2042 1990 2193 2060 ante
2216 1988 2337 2061 hos
2352 2013 2564 2060 annos
2631 2013 2746 2060 ua·-

588 2011 1113 2180 dringentosffli
1134 2076 1477 2172 adsessores
1495 2078 1611 2153 fibi
1637 2104 1761 2176 pro
1779 2080 2052 2156 arbitrio
2068 2080 2435 2169 adsciscere,
2454 2106 2592 2180 quo
2617 2086 2741 2171 vis,

588 2198 979 2271 quacunque
1020 2181 1089 2247 in
1128 2174 1442 2271 potestate
1471 2174 1857 2248 constitutos
1884 2230 1904 2261 ‚
1950 2174 2345 2248 sacramento
2378 2180 2744 2275 interroga·-

590 2294 687 2342 τε.
754 2274 845 2341 Ea
859 2291 997 2343 arte
1016 2294 1154 2342 non
1168 2270 1485 2342 domuum
1503 2267 1710 2340 modo
1732 2323 1753 2356 ‚
1774 2267 1882 2341 sed
1906 2274 1981 2341 δε
2000 2273 2364 2343 animorum
2382 2293 2610 2343 arcana
2630 2294 2741 2369 pe·-
2829 2286 2848 2293 '

591 2383 967 2448 netrantur,
1014 2388 1165 2437 cum
1205 2383 1279 2434 ut
1316 2367 1593 2527 quisffle
1617 2365 1878 2461 perjurii
1893 2383 2184 2436 metuens
2209 2417 2231 2451 ,
2274 2361 2447 2437 irase
2464 2372 2742 2439 maxime

1532 2461 1616 2527 'as
1636 2458 1832 2529 latere
1848 2460 1958 2531 vix
1977 2454 2235 2555 possunt
2258 2510 2279 2544 ,
2326 2460 2570 2555 quibus
2586 2479 2738 2531 ante

588 2551 810 2623 divum
849 2550 1176 2624 fimnlacra
1204 2606 1224 2637 ,
1271 2573 1636 2648 panemque
1672 2548 1981 2625 sacratum
2023 2556 2091 2624 in
2121 2551 2375 2650 templo
2406 2607 2431 2638 ,
2463 2552 2585 2624 'aur
2623 2554 2739 2628 ubi

583 2645 843 2743 publice
880 2646 1329 2718 circumfertur
1347 2698 1370 2730 ‚
1418 2642 1848 2744 procumbere
1881 2645 2112 2743 religio
2147 2644 2262 2720 est.
2331 2645 2621 2744 Suspicio
2651 2648 2737 2720 ad

581 2763 905 2812 carcerem
932 2793 954 2826 ,
999 2741 1311 2812 indicium
1337 2738 1477 2810 leve
1513 2738 1598 2808 ad
1632 2738 2066 2836 torquendum
2103 2739 2272 2813 satis.
2342 2743 2498 2814 Nec
2515 2739 2738 2817 {altem

582 2835 771 2907 testes
805 2834 1028 2906 audire
1058 2855 1177 2905 reo
1200 2885 1222 2920 ,
1267 2852 1377 2903 aut
1411 2831 1702 2904 refellere
1723 2886 1745 2920 ,
1791 2831 2207 2920 concessum3
2252 2832 2428 2929 quasi
2465 2833 2737 2908 testibus

580 2927 733 3023 ipsis
766 2951 842 2997 ac
856 2934 1108 2999 veritati
1127 2927 1278 2999 inde
1299 2926 1654 3019 periculum
1668 2925 1867 2999 foret.
1931 2927 2262 3000 Iudicibus
2279 2924 2569 3026 profanis
2590 2952 2737 3037 per-

579 3017 833 3093 missum
870 3075 893 3107 ‚
958 3022 1272 3093 duntaxat
1315 3017 1694 3092 sacerdotali
1728 3020 2036 3093 sententia
2073 3020 2415 3095 damnatos
2458 3046 2683 3117 punire
2705 3077 2734 3108 ,

580 3136 863 3211 quorum
885 3116 1068 3187 multi
1088 3111 1546 3212 suppliciorum
1566 3111 1800 3187 saevitia
1822 3169 1842 3200 ,
1876 3115 2052 3189 velut
2068 3120 2306 3213 pietate
2326 3170 2347 3204 ,
2366 3115 2727 3189 certabant.

578 3209 740 3298 Alii,
762 3212 875 3306 qui
941 3209 1311 3282 reviderent
1330 3207 2204 3303 istum-judicandiordinem,
2233 3234 2368 3283 non
2394 3209 2567 3282 odiis
2584 3231 2734 3283 tan·-

578 3323 719 3374 tum
747 3358 766 3390 ,
814 3233 938 3390 serf
960 3308 1036 3373 δε
1071 3305 1349 3375 avaritiae
1368 3323 1587 3399 patere
1609 3356 1630 3388 ,
1673 3305 1962 3400 (quippe
1991 3299 2335 3386 cum-bona
2355 3299 2514 3375 fisco
2534 3305 2732 3377 cede-

577 3419 726 3469 rent
756 3453 779 3485 ,
825 3420 947 3469 nec
967 3395 1096 3470 fine
1115 3396 1360 3493 quaestu
1382 3396 1684 3468 delatnrae
1701 3416 2147 3468 exercerentur
2165 3400 2236 3494 ,)
2280 3401 2443 3494 eripi
2465 3397 2582 3471 fibi
2601 3422 2730 3469 no-

576 3496 827 3562 tionem
871 3515 1002 3562 non
1041 3489 1358 3562 ferebant.
1423 3489 1562 3578 Sed
1575 3495 1870 3562 omnium
1887 3489 2481 3590 acerrimeperHis
2550 3491 2729 3566 niam

573 3584 959 3682 quaeliiones
987 3581 1223 3654 habitae
1241 3637 1263 3670 ‚
1309 3584 1530 3656 eleffis
1570 3589 1634 3656 ei
1667 3584 2023 3656 ministerio
2055 3586 2392 3678 monacbis
2417 3609 2457 3655 e
2599 3589 2730 3656 mi-
2767 3604 2775 3612 ·

573 3681 707 3748 nici
743 3675 1027 3762 familia,
1072 3681 1275 3749 veteri
1307 3677 1606 3750 instituto
1642 3673 1934 3753 adversus
1959 3678 2275 3754 Hebraeos
2304 3684 2381 3751 δι’,
2402 3681 2722 3764 Mauros,

571 3774 686 3867 qui
707 3824 728 3853 ,
764 3770 972 3840 coacti
994 3795 1032 3840 a
1051 3771 1311 3869 regibus
1328 3771 1727 3846 Christianos
1750 3777 1909 3846 ritus
1923 3771 2133 3847 subire
2157 3829 2177 3861 ,
2221 3774 2305 3846 ad
2325 3777 2608 3870 ejuratos
2620 3795 2726 3844 er-

573 3886 759 3935 rores
794 3862 1017 3936 furtim
1038 3862 1504 3937 relabebantur.
1647 3867 1787 3938 uod
1811 3872 2025 3968 primo
2042 3866 2209 3940 baud
2229 3872 2549 3965 ingratum
2571 3867 2728 3940 bar-

573 3957 934 4029 baricarum
970 3960 1261 4055 gentium
1296 3958 1462 4031 odio
1486 4012 1507 4045 ‚
1554 3963 1622 4030 in
1670 3984 1707 4030 e
1789 3959 2098 4036 romilcu'e
2116 3963 2362 4034 cunctis
2384 3960 2725 4048 incubuit,

573 4055 737 4128 mira
753 4050 1105 4150 indagandi
1125 4048 1464 4149 sagacitate
1476 4086 1502 4146 5
1539 4053 1722 4129 custo
1774 4057 1842 4128 'ti
1867 4060 2113 4155 quippe
2130 4052 2454 4134 sermones
2476 4110 2497 4146 ‚
2519 4059 2723 4224 <Elium

693 4181 697 4185 ·
2603 4169 2722 4222 en·-

1416 4214 1426 4226 Ι
