2900 4628
536 169 731 258 -356
930 155 1678 243 suvoonrs
1785 154 2319 225 GROTH

306 250 507 377 1538.
594 272 1026 373 publicarunt.
1070 269 1505 373 ,Necnminus
1547 264 1882 361 constabat
1907 316 1929 352 ‚
1968 284 2153 375 totos
2191 268 2346 338 Deo
2382 256 2769 339 lactatamm

370 442 384 485 ε
500 527 504 530 «
592 348 2771 561 ἓῑξῑεεπ,ῑῖὲῖζέῗῑὲῖὲς“ξηξε,ῑῐῑὲξεεῖςῑ<;ξὲῖἑῑεεςεῑὲεῑῆἑέ

530 562 536 569 ’
596 582 750 630 cum
769 574 1045 626 uxorum
1069 550 1383 649 pudicitia
1400 538 1794 634 illuderetur,
1810 546 2084 619 adhibiti
2104 548 2226 621 fint
2244 546 2607 648 spestaculo
2629 571 2766 619 ma-

387 699 407 731 ·,
598 655 900 759 riti‚quin
926 651 1000 718 &
1018 666 1250 747 matres
1270 644 1514 715 coaQae
1533 641 1692 714 filias
1709 642 2092 740 producere.
2117 646 2279 714 Hssaec
2293 643 2517 751 populi
2538 665 2774 740 pacem

462 774 511 815 ··.
598 746 981 846 ‘profitentis
998 741 1284 812 facinora
1308 792 1328 823 ,
1361 760 1509 836 quae
1541 739 1746 811 nullus
1774 758 2054 832 unquam
2077 738 2284 809 vietor
2326 761 2438 810 ure
2474 736 2636 808 belli
2658 736 2772 809 de-

595 840 903 923 tendent,
924 842 1032 907 vix
1053 831 1360 906 credibile
1379 832 1474 903 est
1488 854 1683 928 quam
1706 831 1982 932 segniter
2009 853 2087 901 ac
2104 763 2351 903 remisse
2373 832 2588 904 tulerit
2606 853 2774 928 gens

596 930 762 1034 saepe
777 937 1068 1031 gentium
1088 929 1402 999 domitrix
1428 979 1449 1013 ‚
1495 927 1582 997 ab
1601 932 1783 997 omni
1821 946 1996 997 certe
2019 944 2158 998 aevo
2179 925 2260 996 fla
2309 919 2677 996 rantiffimae
2692 929 2774 996 li-

560 1077 573 1091 ·
602 1024 893 1103 bettatis.
949 1022 1104 1108 Sed,
1131 1044 1364 1120 praeter
1392 1019 1592 1091 altum
1619 1024 1829 1092 otium
1848 1023 2030 1116 quod
2050 1019 2253 1091 feroci
2331 1043 2474 1090 mos
2495 1042 2772 1116 quoque

464 1202 469 1207 .
601 1105 855 1196 a'nimos
879 1117 1132 1191 emollit
1154 1170 1174 1204 ,
1203 1114 1389 1214 spatii
1409 1121 1474 1185 in
1494 1115 1734 1186 multos
1776 1119 2029 1211 imperii
2068 1116 2236 1187 istud
2281 1119 2510 1188 vitium
2535 1111 2774 1185 sentie-

598 1217 789 1290 batur
815 1269 835 1301 ‚
864 1212 1056 1310 quod
1080 1210 1191 1310 ipfi
1210 1214 1569 1281 conventus
1595 1207 1776 1281 tarde
1798 1261 1819 1295 ‚
1837 1230 1904 1279 at
1927 1207 2128 1280 studia
2149 1265 2170 1296 ,
2211 1210 2623 1280 aemulatione

598 1314 878 1383 tentium
898 1361 918 1394 ,
943 1306 1151 1377 multo
1166 1305 1484 1377 difficilius
1497 1302 1796 1375 coibant-⁴
1841 1306 1940 1374 Ita
1956 1302 2314 1401 optandum
2335 1307 2618 1374 maxime
2723 1306 2778 1358 ‘-

598 1404 802 1502 spano
827 1457 848 1489 ,
871 1426 992 1473 nec
1008 1398 1138 1473 sine
1155 1401 1292 1494 ejus
1409 1421 1516 1469 era
1539 1451 1561 1485 ,
1586 1396 1935 1467 concilium
1957 1422 2038 1469 ex
2054 1400 2342 1469 concilio
2359 1398 2775 1471 trahebatur:

597 1505 706 1572 vix
730 1502 986 1569 interim
1013 1490 1165 1564 auso
1188 1422 1555 1588 quomam,
1574 1490 1732 1593 dum
1754 1492 2009 1588 publica
2030 1494 2233 1564 moles
2254 1512 2597 1564 armorum
2621 1515 2777 1563 cun·

601 1594 814 1664 &atur
831 1644 853 1677 ‚
878 1588 1002 1661 suis
1022 1587 1136 1661 fibi
1155 1589 1394 1658 viribus
1416 1588 1711 1680 injuriam
1726 1609 1941 1657 arcere
1962 1621 1990 1674 ς
2011 1586 2127 1661 nifi
2148 1586 2333 1684 quod
2351 1586 2779 1684 Oldenburgi

512 1730 515 1743 =
597 1710 825 1758 comes
859 1738 880 1770 ,
923 1681 1410 1778 Bremenfisque
1449 1685 1524 1749 &
1569 1679 2073 1780 osnabrugenfis
2107 1681 2514 1754 antistites&
2536 1680 2780 1752 Iohan-

598 1805 714 1852 nes
735 1775 1075 1851 Nass’avius
1099 1778 1355 1873 longius
1396 1771 1496 1845 fiti
1523 1777 1723 1846 minas
1741 1772 1822 1845 ad
1853 1780 1915 1849 le
1935 1798 2140 1871 usque
2160 1796 2575 1875 penetrantes
2608 1772 2779 1847 fidu-

599 1864 700 1946 cia
717 1873 1113 1957 tumultuarii
1152 1870 1373 1943 militis
1406 1865 1806 1941 contemstre
1850 1895 1870 1942 ε
1908 1892 2188 1966 quorum
2219 1869 2515 1970 exempla
2534 1869 2779 1941 deinde

602 1962 944 2041 ulteriores
984 1970 1187 2039 tutius
1223 1961 1675 2061 sequebantur.
1774 1965 1868 2036 At
1954 1989 2031 2035 ro
2069 1964 2304 2043 ,Cliviis
2340 1969 2415 2035 δε
2503 1967 2780 2035 roximis

606 2061 1070 2143 Westfalorum
1094 2082 1323 2156 preces
1344 2063 1419 2128 δε
1450 2059 1660 2133 ‘literae
1696 2081 1912 2156 pugna
1996 2080 2068 2131 nt
2115 2083 2141 2130 2
2180 2059 2428 2131 Carolo
2529 2060 2780 2130 utzelio

608 2159 893 2248 maxime
908 2209 932 2243 ‚
977 2161 1173 2250 quem
1198 2153 1388 2224 rebus
1410 2152 1639 2227 Cliviae
1655 2152 2033 2227 ordinandis
2051 2175 2385 2226 oratorem
2404 2154 2781 2251 Imperator

603 2247 857 2345 miserat
882 2302 905 2336 ,
933 2247 1285 2321 detestante
1394 2245 1649 2319 rfidiam
1674 2300 1695 2335 ,
1713 2247 2124 2348 dedecusque
2144 2247 2488 2322 Austriacae
2500 2249 2772 2332 domus,

602 2371 753 2438 cum
783 2343 897 2417 sub
923 2344 1203 2440 Philippi
1228 2342 1310 2413 Al
1398 2348 1483 2415 rti
1534 2366 1615 2413 ue
1633 2341 1924 2439 auspiciis
1950 2398 1969 2430 ,
2011 2365 2242 2417 contra
2284 2363 2513 2417 naturae
2546 2342 2776 2424 homi-

606 2461 896 2536 numque
906 2439 1083 2535 leges
1110 2490 1131 2524 ‚
1153 2456 1384 2508 contra
1404 2365 1617 2535 pazis,
1639 2439 1956 2510 Romanae
1979 2440 2318 2539 religionis
2336 2437 2616 2512 vindices
2629 2455 2777 2514 tam

456 2596 471 2608 .
602 2530 1071 2624 contumeliose
1095 2529 1567 2602 infixltarenrur.
1602 2532 1803 2607 ,Paria
1821 2531 1956 2604 dux
1991 2536 2427 2634 Lotharingus
2457 2531 2777 2630 loqueba-
2823 2583 2828 2588 -

608 2648 716 2700 tur
738 2681 763 2714 ,
811 2630 926 2722 qui
950 2645 1086 2698 tum
1106 2625 1234 2695 filia
1258 2625 1533 2791 f'ritdcspi
1569 2624 1787 2700 clivio
1810 2630 1874 2697 in
1898 2632 2379 2701 matrimonium
2400 2627 2553 2728 data
2571 2680 2593 2714 ‚
2630 2625 2773 2737 lilio

607 2813 742 2913 suas
766 2867 787 2901 ,
828 2837 949 2888 nec
994 2810 1125 2923 ipse
1165 2720 2775 2913 deseznffiifflienffga‘tifigrttaulgzduoelcghssgt3235:

530 2991 533 2994 ,
606 2908 987 2981 cun&atore
1009 2915 1083 2978 δι
1094 2931 1234 3005 Jam
1261 2929 1436 2979 metu
1452 2932 1534 2979 an
1552 2908 1802 2982 tristitia
1822 2913 1886 2983 in
1899 2906 2219 2985 secretum
2232 2912 2462 2985 abdito
2490 2966 2513 2998 ‚
2548 2934 2621 2983 ur
2639 2935 2771 2983 non

607 3004 724 3092 nili
765 3025 883 3101 pet
912 3002 1153 3074 litteras
1193 2997 1564 3075 nosceretur
1585 3056 1609 3090 ,
1706 3013 2135 3101 nanquam&
2153 3006 2446 3080 westfali
2465 3011 2541 3076 δε
2561 3005 2651 3077 ab
2674 3005 2776 3077 his
2865 3017 2866 3048 ¹

606 3096 858 3196 impulfi
881 3100 1201 3194 principes
1218 3117 1557 3193 quotquot
1570 3099 1652 3168 ad
1745 3099 1981 3171 benum
2004 3101 2231 3177 colunt
2254 3155 2277 3188 ,
2318 3101 2619 3198 quotidie
2637 3126 2776 3173 non

606 3196 786 3280 tami
838 3192 970 3262 sum
989 3193 1537 3288 quamministros
1563 3246 1584 3278 ‚
1605 3193 1843 3289 qulbus
1864 3191 1971 3265 ille
1986 3194 2075 3268 sui
2101 3194 2446 3268 'arbitrium
2465 3196 2776 3289 permise-

607 3306 704 3358 rat
724 3339 745 3373 ‚
855 3286 1142 3382 rigabant
1164 3339 1187 3370 ,
1216 3307 1455 3382 praeter
1474 3287 1833 3384 legationes
1876 3292 1951 3359 &
1970 3288 2167 3362 verba
2200 3289 2358 3361 nihil
2377 3286 2771 3394 expreffum.

607 3381 719 3466 Ad
740 3403 886 3475 quae
922 3380 1229 3451 Albettus
1252 3401 1391 3450 tum
1437 3379 1798 3453 Mediolani
1816 3405 2012 3480 agens
2052 3387 2127 3455 &
2147 3382 2458 3458 Bruxellae
2477 3385 2773 3460 Andreas
2861 3411 2862 3466 3

510 3475 521 3485 “
609 3473 859 3545 causam
877 3473 1191 3560 malorum
1212 3479 1507 3546 omnium
1531 3530 1552 3561 ‚
1576 3474 1724 3545 c'um
1746 3475 1897 3574 ipfis
1914 3476 2066 3551 belli
2085 3482 2283 3550 initiis
2309 3482 2383 3548 δι
2406 3482 2584 3576 pacis
2603 3481 2772 3555 adid
2860 3473 2862 3554 l

607 3590 816 3663 usque
835 3588 1090 3667 tempus
1112 3591 1293 3637 mom
1317 3622 1338 3653 ‚
1382 3567 1726 3642 rebellibus
1744 3569 2124 3667 affignantes
2148 3627 2172 3658 ,
2209 3595 2643 3670 quaecumque
2660 3599 2776 3648 ex-
2859 3601 2860 3642 ι

606 3660 1351 3828 ssssffifflfflffiff?
1368 3663 2339 3858 afflssffiissss‘lssffigssffialz
2354 3670 2638 3834 {¹35⁹
2652 3695 2773 3837 35

604 3848 991 3930 militantem
1018 3904 1038 3933 ‚
1067 3873 1208 3946 quo
1229 3851 1440 3940 minus
1477 3850 1659 3923 herili
1692 3856 1968 3952 imperio
1987 3817 2238 3952 parer’et
2261 3910 2285 3942 ‚
2324 3787 2772 3954 negabagtIma·

607 3965 890 4041 gnorum
908 3951 1248 4015 nominum
1272 3942 1435 4016 sono
1455 3997 1479 4029 ‚
1525 3966 1637 4018 aut
1657 3947 1782 4019 ulla
1801 3972 1870 4018 re
1886 3947 2009 4019 alia
2026 3971 2220 4046 quam
2241 3955 2435 4024 armis
2455 3948 2778 4050 poffizdo·

608 4036 761 4134 pelli
780 4068 808 4128 3
825 4037 1054 4112 addito
1074 4091 1107 4130 ‚f
1119 4038 1169 4111 fi
1191 4037 1354 4133 quid
1375 4034 1609 4113 Caefiri
1626 4095 1658 4134 a.
1670 4040 1717 4115 fi
1735 4042 1896 4140 quid
1912 4047 2276 4142 Germaniae
2294 4046 2361 4119 in
2377 4044 2626 4216 mstf’i‘ff
2643 4043 2782 4121 fiis

610 2717 903 2795 sororem
925 2724 1092 2817 regis
1135 2718 1256 2791 Gal
