2900 4628
464 74 2042 203 HtsT'oR1ARVMLIB.vl.
2208 132 2298 205 28

175 238 342 312 kius
358 243 537 314 navis
551 239 789 312 rector.
856 224 1218 336 Capiuntur
1233 240 1342 311 alii
1367 295 1390 327 ,
1415 244 1492 310 &
1519 292 1541 326 ,
1677 240 1767 318 od
1781 242 1884 337 jus
1901 240 2054 316 belli
2072 156 2342 315 consefff-
2411 272 2621 347 1597·

171 332 249 405 su
295 332 491 406 valuit
508 333 868 409 avertendis
890 334 959 404 id
979 356 1181 440 genus
1221 333 1520 430 periculis
1539 386 1563 420 ‚
1585 262 1921 431 ffipplicio
1943 336 2341 410 damnantur.

172 425 378 517 Vnus
411 431 529 525 qui
549 448 808 526 portam
846 425 1192 497 tradiderat
1229 426 1461 518 salubri
1495 426 1762 498 audacia
1799 448 1913 527 per
1957 429 2183 501 urbem
2218 429 2348 503 dis-

172 544 454 593 currens
495 521 666 595 velut
709 524 1046 611 communi
1091 544 1332 617 pavore
1360 575 1380 607 ,
1424 544 1545 592 nec
1582 526 1873 619 agnitus,
1920 518 2127 594 aversa
2166 543 2347 623 parte

172 639 279 712 op
334 618 424 687 idi
459 615 675 689 evasit.
751 618 946 709 Qin
971 618 1125 687 &in
1168 614 1583 689 Flandricum
1606 616 1782 686 littus
1819 615 1980 686 miffi
1997 641 2145 687 cum
2164 615 2348 689 claffe

173 714 276 781 mi
305 714 426 782 ites
462 708 788 782 reinfeflm
827 709 1184 780 redierunt.
1257 700 1593 783 Bulionius
1620 713 1875 781 interim
1915 709 2083 781 haud
2114 733 2345 808 magna

172 827 384 876 manu
425 800 926 902 populabundus
965 806 1350 875 Haenoviam
1373 809 1446 875 &
1470 793 1812 901 pr'oximos
1849 800 2061 875 Mosae
2078 827 2346 902 campos
2418 866 2466 917 Η
2563 866 2575 918 1
2595 865 2669 921 ia-

270 896 599 969 rsultabat.
670 899 752 968 Et
771 900 1197 969 Mauritianus
1232 919 1435 994 eques
1455 922 1535 969 ex
1560 899 1830 972 victoria
1852 894 2297 970 confidentior
2317 952 2338 986 ,
2378 949 2472 990 m
2487 953 2623 1010 eques

273 991 551 1064 abantiae
578 995 654 1062 &
676 990 958 1065 Geldriae
977 989 1260 1088 praefidia
1276 990 1554 1093 egreffus
1579 1046 1603 1078 ,
1650 1012 1926 1089 uterque
1947 990 2111 1064 locis
2129 992 2340 1067 diver·
2360 1001 2620 1080 finditur.

173 1086 262 1162 fis
306 1086 474 1159 hosti
515 1090 986 1159 circumventus
1046 1083 1360 1165 funditur.
1425 1089 1598 1158 Tam
1641 1085 1813 1161 leves
1858 1091 2026 1159 intra
2072 1109 2346 1160 conatus

172 1180 364 1252 aestas
384 1183 554 1252 circa
578 1184 849 1252 Batavos
867 1174 1221 1254 transmissa
1236 1180 1330 1253 est
1348 1235 1370 1268 ,
1411 1180 1505 1254 'de
1522 1180 1850 1253 Ambiano
1871 1182 2207 1254 retinenda
2228 1181 2349 1253 {ol-

173 1274 376 1347 licito
396 1274 803 1360 Archiduce;
837 1282 911 1346 δε
933 1279 1084 1371 quia
1102 1276 1157 1346 F
1159 1275 1468 1354 oederatae
1572 1296 1711 1346 ntes
1731 1329 1753 1362 ,
1776 1276 1933 1347 dum
1956 1281 2166 1349 otium
2183 1282 2347 1349 arri-

164 1372 374 1468 'piunt
395 1423 415 1456 ,
437 1368 586 1441 belli
604 1368 1050 1441 occasionibus
1066 1368 1399 1443 incuriosae
1420 1423 1442 1455 ‚
1545 1374 1628 1442 tis
1646 1368 1882 1443 habent
1899 1369 2131 1443 auxilia
2149 1371 2343 1444 sociis

173 1469 440 1535 mittere
464 1517 482 1548 ,
503 1488 623 1536 nec
641 1465 785 1562 ipiae
804 1461 1040 1535 laceffi.
1105 1462 1233 1538 Sed
1258 1466 1332 1535 δε
1350 1461 1691 1541 distordiae
1710 1466 2067 1563 fatigabant
2085 1520 2106 1553 ,
2128 1487 2341 1562 quan·

81 1617 90 1625 .
172 1580 374 1654 quam
392 1581 526 1629 non
545 1554 734 1658 supr'a
750 1557 970 1629 foeduk
991 1611 1015 1645 ‚
1053 1579 1120 1631 at
1134 1561 1347 1632 alieno
1368 1579 1668 1658 tempore
1688 1561 1762 1630 δε
1781 1582 1866 1632 eo
1889 1556 2327 1657 suspefflores.

176 1655 607 1750 Groningana
623 1657 891 1741 civitas,
939 1657 1015 1723 δε
1034 1659 1148 1749 qui
1168 1674 1464 1751 patentes
1488 1676 1679 1752 agros
1696 1653 1998 1727 Lavieam
2037 1658 2202 1727 intra
2223 1675 2326 1726 at·
2364 1720 2378 1733 .
2412 1651 2667 1729 m

230 1769 310 1818 ue
343 1746 669 1839 Amafium
712 1745 938 1818 colunt
959 1799 988 1833 ,
1018 1768 1246 1843 ‚vetera
1278 1750 1355 1817 δι
1394 1746 1571 1819 bello
1609 1747 1903 1820 indurata
1924 1747 2077 1823 odia
2112 1748 2321 1823 adbuc
2354 1731 2627 1857 mag:

204 1843 488 1935 pirantes
513 1894 536 1927 ,
582 1838 755 1913 haud
783 1839 973 1913 facile
995 1833 1435 1914 coalescebant
1454 1894 1478 1928 ‚
1517 1840 1675 1913 dum
1711 1844 1935 1915 civitas
1958 1897 1981 1930 ,
2026 1864 2173 1939 quae
2206 1843 2322 1915 fibi
2353 1812 2604 1927 mm..

172 1938 387 2034 regias
405 1955 622 2029 partes
638 1934 872 2005 secutae
892 1934 1243 2007 Parmensis
1267 1960 1403 2006 nou
1416 1933 1683 2033 quidem
1702 1946 2006 2033 perpetua
2022 1937 2192 2033 lege,
2219 1934 2322 2011 sed
2431 1956 2658 2022 nrm

172 2027 590 2101 interdiciiin
610 2051 859 2099 morem
882 2081 903 2114 ‚
930 2026 1323 2100 concesserat
1349 2082 1371 2115 ,
1419 2032 1830 2126 pertinaciter
1850 2050 2076 2128 urget:
2100 2051 2329 2105 contra
2364 2068 2367 2071 ·
2540 2032 2662 2096 ‘'⁸'’-

173 2123 421 2193 accolae
461 2146 729 2193 omnem
747 2144 895 2211 cum
914 2146 987 2195 ea
1025 2118 1399 2194 societatem
1421 2178 1443 2211 ,
1490 2121 1889 2215 utlibertatis
1927 2129 2328 2199 imminutio-

175 2239 334 2289 nem
349 2218 737 2313 accipiendo
763 2269 785 2302 ,
832 2240 970 2312 quo
989 2216 1093 2289 {ua
1110 2214 1384 2293 ieorfim*
1402 2239 1666 2317 agerent
1689 2271 1712 2305 ,
1734 2220 2065 2300 ⁴vetustum.
2087 2244 2234 2299 cum
2257 2245 2333 2294 ea

176 2309 399 2386 foedus
414 2310 836 2410 abrumpunt.
885 2312 1124 2384 Verum
1144 2333 1279 2384 erat
1304 2366 1326 2398 ‚
1369 2336 1437 2385 ut
1462 2318 1667 2385 totius
1688 2314 2021 2410 quondam
2059 2310 2337 2389 Germa-2

178 2410 302 2477 niae
320 2459 342 2492 ,
361 2410 449 2477 ita
471 2406 822 2496 Frisiorum
842 2407 952 2479 diu
970 2405 1252 2505 populos
1272 2406 1573 2480 discretas
1593 2407 1876 2498 habuisse
1895 2410 2176 2490 ditiones
2196 2466 2216 2498 ,
2234 2433 2336 2498 ut,
2360 2409 2363 2416 ’

179 2499 293 2572 nifi
316 2499 429 2571 iiio
447 2501 720 2573 arbitrio
746 2555 767 2587 ,
817 2506 884 2573 in
901 2500 1185 2571 medium
1205 2525 1339 2572 non
1361 2501 1795 2590 consultarent
1827 2528 1846 2572 ε
1889 2504 2331 2578 Translavica-

178 2617 301 2671 nos
315 2616 528 2672 autem
546 2593 809 2696 &ipsos
833 2599 1013 2693 pagis
1031 2594 1339 2666 discretos
1355 2594 1651 2668 adversus
1667 2601 1915 2669 interna
1935 2620 2333 2694 externaque

177 2686 344 2758 mala
364 2693 529 2761 vires
552 2689 671 2768 fibi
705 2694 932 2766 vicina*
975 2693 1251 2762 civitatis
1273 2689 1654 2790 paciscendo
1691 2686 2043 2784 adjunxisse
2064 2743 2086 2778 ‚
2125 2698 2229 2762 cui
2255 2695 2332 2772 ὃς

178 2803 535 2857 mercatura
575 2788 649 2854 δι
677 2783 1076 2881 judiciorum
1119 2779 1536 2861 sanctimonia
1571 2782 1878 2874 florenti,
1926 2791 2224 2883 magnam
2261 2791 2333 2858 in

125 2907 142 2930 ·
179 2895 525 2982 utrumque
543 2877 924 2976 potestatem
947 2933 969 2967 ‚
992 2883 1326 2975 praemium
1346 2877 1669 2951 societatis
1685 2883 1879 2952 vicini
1901 2882 2193 2955 volentes
2211 2875 2327 2951 de·-

179 2969 460 3049 tulerunt
482 3023 505 3060 ‚
529 2993 914 3045 conventus
931 2997 1015 3046 eo
1029 2972 1319 3045 indicere
1332 2969 1529 3046 soliti.
1598 2970 1728 3044 Sed
1746 2972 1932 3070 quod
1949 2978 2144 3047 initio
2164 2972 2330 3047 libe-

178 3087 318 3136 rum
334 3064 459 3148 finit
483 3120 506 3154 ,
524 3066 731 3166 longo
754 3065 861 3139 ufii
877 3068 1225 3165 multisque
1242 3063 1689 3164 paffionibus,
1709 3073 1777 3141 in
1798 3074 1927 3141 vim
1940 3070 2106 3166 juris
2128 3066 2328 3140 trani:-

178 3164 373 3240 ierat:
424 3186 467 3232 n
557 3185 638 3233 ue
674 3184 831 3236 vero
851 3162 980 3233 hoc
997 3183 1134 3234 erat
1153 3183 1288 3232 tem
1337 3184 1411 3231 us
1438 3214 1460 3246 ,
1478 3184 1618 3256 quo
1638 3159 1887 3236 vincula
1905 3161 2201 3235 amicitiae
2226 3182 2330 3233 ut·

180 3277 431 3355 cunque
451 3260 516 3328 in
572 3257 691 3328 'cta
719 3254 1214 3328 resolverentur.-
1275 3185 1360 3325 gt
1382 3257 1670 3352 Hispano
1693 3256 1961 3353 quidem
1997 3254 2158 3327 olim
2180 3279 2326 3355 pars

179 3348 296 3420 vifi
334 3353 685 3449 potentie,
733 3351 892 3422 nibil
913 3348 1288 3422 definiendo
1316 3345 1487 3420 alere
1509 3347 1911 3431 ihbditorum
1930 3357 2320 3433 certaminaz

178 3465 241 3518 at
259 3448 350 3517 vis
369 3443 865 3515 Foedemtorum
885 3444 1237 3516 concordia
1272 3443 1620 3529 nitebatur.
1683 3448 2047 3543 Igiturtran
2099 3444 2321 3530 uillan-
2387 3502 2442 3555 D
2442 3503 2533 3563 “k
2546 3502 2611 3562 a

180 3540 274 3612 dis
307 3537 764 3618 controverfiis
789 3539 1042 3634 judices
1065 3539 1199 3610 dati
1233 3563 1253 3608 :
1290 3561 1424 3610 tres
1441 3542 1727 3638 primum
1746 3573 1769 3628 3
1813 3541 1889 3609 &
1910 3562 2059 3610 cum
2121 3563 2314 3612 orum
2346 3565 2617 3632 orm..

182 3633 477 3714 sententia
510 3653 819 3729 agrorum
873 3634 1270 3709 habitatores
1306 3627 1839 3720 offenderentun
1887 3658 2124 3711 novem
2160 3636 2264 3709 alii
2287 3691 2307 3723 ‚
2337 3641 2579 3728 judiabus,

83 3793 86 3798 .
231 3748 456 3804 uorum
492 3722 820 3798 decretum
852 3751 889 3797 a
925 3726 1211 3804 concilio
1260 3734 1599 3806 nationum
1648 3727 2149 3822 comprobatum
2193 3715 2607 3804 σίὶε.[”1”””*“”π

210 3817 463 3902 „rdines
495 3841 657 3916 ergo
673 3845 754 3903 ex
786 3820 944 3912 urbe
960 3844 1252 3919 agroque
1285 3822 1541 3909 collecti
1558 3823 1860 3917 jubentur
1899 3821 2321 3906 constitutum

183 3933 444 4009 utraque
482 3934 561 3984 ex
606 3937 788 4011 parte
819 3940 903 3988 co
1030 3940 1059 3986 s
1095 3966 1119 4004 ,
1161 3926 1259 3990 'ut
1304 3941 1497 3994 uuam
1545 3916 2010 4016 rempublicam
2051 3941 2326 4020 regere,

178 4009 420 4112 majora
470 4029 795 4092 conventu
895 4010 1257 4120 'ceptando
1282 4063 1314 4101 ,
1334 4017 1608 4188 §tritiora
1673 4035 1791 4120 per
1831 4011 2086 4118 legatos
2132 4035 2153 4088 τ,
2207 4033 2331 4081 eo-
