2900 4628
437 138 631 232 ’.μα
764 128 772 139 ’
896 85 2225 212 nvcowrs—Gnorrr

207 256 418 326 1602.
502 249 881 340 American]
906 303 928 335 ‚
969 267 1122 321 toto
1144 244 1426 341 denique
1445 243 1736 342 Philippi
1752 246 2036 343 imperio
2053 247 2231 342 capti
2261 243 2677 334 tenebantur‚'

105 368 110 374 ·
237 373 473 451 mfi,
506 365 625 414 eos
648 341 1150 418 Mendosasolvi
1176 359 1453 411 curaret.
1502 339 1724 411 Valuit
1743 344 1808 410 in
1829 359 2083 410 tantum
2104 339 2276 436 apud
2298 342 2558 450 Regem
2575 362 2683 410 aut

170 448 393 506 liberum

174 519 428 578 redimun-

163 608 262 652 aeur
275 609 436 648 mnes

181 663 447 749 roedfraeie

181 747 381 813 “puw-

392 939 398 946 ·
514 931 725 992 tutem
763 909 883 983 sub
917 908 1287 983 crudelibus
1307 905 1596 979 dominis
1626 905 2100 982 manci-abant.
2146 909 2685 1098 Μιρῗοιιωςιιείιι

511 438 847 510 Mendosae
870 457 981 510 aut
1019 436 1392 512 futurorum
1425 433 1670 506 ducum
1689 433 2009 532 respe&us
2029 486 2052 520 ,
2099 455 2173 528 ut
2190 434 2396 536 paens
2408 428 2679 512 acoeffe-
2698 435 2713 464 ⁸

512 537 622 604 rit.
674 531 935 606 Reverfi
954 551 1108 606 toto
1123 555 1207 606 ex
1224 529 1389 600 orbe
1403 549 1616 602 nautae
1637 532 1713 598 δε
1736 548 2161 616 mercatores,
2181 551 2353 624 quos
2369 525 2481 625 spe
2498 551 2676 599 com·

516 632 909 700 merciorum
927 626 1234 700 advfflos
1265 622 1521 698 hostilis
1536 627 1628 696 ira
1646 676 1669 710 ,
1715 643 1829 696 aut
1846 622 1943 695 ob
1976 621 2287 697 diversam
2303 623 2679 721 religionem

517 719 924 801 sacerdotum
962 721 1116 812 odia
1153 715 1603 816 oppresserant
1625 775 1647 808 ,
1695 741 1842 815 pars
1896 716 2122 790 exesos
2176 717 2448 790 vinculis
2482 737 2677 802 artus,

514 811 1034 912 squalloremque
1067 821 1142 886 &
1163 811 1464 886 tenebras
1482 864 1505 899 ‚
1542 837 1701 910 pars·
1726 833 2058 886 remorum
2089 810 2483 885 duriffimam
2500 810 2684 884 servi-

512 1028 599 1076 co
627 1024 1035 1100 momentum
1056 1002 1180 1076 fuit
1197 1000 1280 1073 ad
1301 1002 1759 1076 concitandam
1801 1005 1872 1072 in
1890 999 2221 1098 Hispanos
2510 1023 2689 1074 vete-

510 1093 2691 1300 ¹1:135}”xsazvffieziffssffpzffixssgffiiffibea‘zffi:

513 1294 690 1362 vium
711 1289 968 1362 suorum
1004 1307 1154 1359 ante
1193 1308 1496 1382 pecunias
1521 1287 1897 1359 habentium
1922 1340 1945 1375 ‚
1988 1286 2312 1359 laenffimis
2327 1289 2560 1358 animis
2576 1309 2695 1359 ex-

515 1388 579 1455 ci
627 1383 902 1456 iebatur.
954 1387 1053 1454 Ita
1075 1385 1311 1479 partim
1347 1380 1633 1477 impletis
1669 1380 2081 1477 pactionibus
2106 1434 2129 1470 ‚
2171 1379 2700 1481 partimsponsoa

519 1482 574 1548 ri
626 1478 892 1556 usdatis
913 1529 936 1563 ‚
958 1478 1117 1560 esiit
1139 1472 1465 1546 Mendosa
1486 1528 1510 1562 ,
1554 1475 1641 1548 de
1680 1479 2073 1548 Batavorum
2092 1475 2420 1575 republica
2439 1529 2462 1563 ,
2492 1499 2695 1572 quam

522 1576 799 1669 propius
817 1569 1132 1642 didicerat
1154 1593 1178 1657 ‚·
1222 1569 1489 1641 honeste
1506 1569 1782 1644 sentiens
1824 1594 1844 1639 ε
1883 1596 1924 1643 e
2018 1596 2103 1642 *ue
2124 1575 2300 1670 pacis
2324 1578 2523 1667 quam
2543 1570 2705 1645 beni

497 1687 821 1764 1utrrsque
927 1665 1131 1737 rtibus
1148 1659 1382 1736 suasor.
1434 1666 1708 1775 Scripta:
1730 1685 1869 1737 tum
1895 1672 1972 1738 δε
2013 1685 2167 1763 eges
2183 1671 2493 1743 certiores
2513 1662 2704 1765 super

242 1765 462 1841 W
499 1761 821 1844 'redimeu
869 1764 924 1833 is
957 1764 1024 1836 in
1067 1755 1406 1858 posterum‘
1433 1779 1728 1857 captivis.
1778 1763 1969 1834 Toto
2004 1761 2136 1833 boc
2168 1785 2320 1834 vere
2337 1762 2704 1858 majorem,

104 1875 112 1890 s
202 1833 465 1892 raederaetu

191 1902 417 1988 saibrrrae

206 1992 455 2036 mm·

536 1881 736 1954 quam
772 1879 1054 1952 unquam
1086 1854 1356 1926 antehac
1380 1905 1403 1940 ,
1435 1859 1791 1926 exercitum
1835 1855 2126 1928 Ordines
2156 1850 2659 1928 conscribebant
2679 1909 2702 1945 ‚

535 1954 738 2024 auctis
757 1954 985 2026 animis
1007 2003 1036 2050 ι
1053 1948 1328 2048 praeliiF
1331 1947 1600 2034 landrici
1621 1953 1933 2020 memoria
1955 2002 1977 2036 ,
2015 1954 2090 2020 δε
2108 1955 2295 2022 novis
2312 1951 2600 2023 bostium
2616 1949 2709 2022 se·

535 2046 899 2119 ditionibus
924 2098 946 2129 ,
993 2045 1166 2116 unde
1202 2042 1244 2115 s
1273 2043 1543 2118 erabant
1564 2096 1586 2132 ,
1626 2064 1995 2139 antequam·
2008 2043 2407 2144 exspeRatus
2424 2045 2705 2132 exltalia
2774 2091 2793 2108 ·

421 2219 432 2228 ,
532 2141 804 2218 milesia
827 2139 1152 2235 Belgicam
1170 2162 1205 2210 a
1255 2159 1544 2212 ventaret
1562 2189 1585 2224 ,
1604 2157 1716 2208 aut
1738 2139 2017 2211 hostium
2036 2140 2215 2222 caede
2235 2164 2547 2216 renovare
2557 2141 2705 2239 glo-

531 2240 697 2319 riam
716 2287 738 2321 ,
771 2253 883 2319 aut
903 2232 1183 2312 terrestri
1218 2236 1448 2304 itinere
1486 2256 1601 2330 per
1626 2227 2042 2306 Brabantiam
2062 2238 2127 2306 in
2145 2235 2508 2308 Flandriam
2529 2287 2552 2323 ‚
2591 2239 2707 2327 δε,

443 2414 450 2425 ἱ
530 2329 746 2404 soluto
764 2328 1026 2403 obsidio
1044 2380 1066 2414 ,
1106 2326 1483 2400 Ostendam·
1504 2348 1875 2426 penetrare..
1911 2328 2242 2404 Perstabat
2276 2331 2427 2404 sane
2453 2332 2717 2404 Mauri-

534 2430 663 2505 tius
678 2443 864 2499 cauta
896 2421 1158 2497 confina
1194 2421 1542 2494 audacibus
1605 2422 1864 2496 raeferre
1902 2457 1921 2495 .·
1955 2423 2062 2495 sed
2085 2430 2433 2523 procerum
2454 2426 2722 2499 senten-

533 2524 693 2591 tiam
710 2521 932 2629 regina
947 2517 1202 2627 Angliae
1222 2523 1296 2591 &
1316 2539 1430 2625 rex
1453 2522 1516 2590 G
1546 2616 1557 2627 ·
1582 2518 1685 2623 lus
1696 2519 2210 2618 comprobavere
2234 2575 2256 2607 ,
2302 2523 2555 2616 majore
2576 2520 2727 2594 sua-

535 2612 734 2685 dendi
765 2613 1147 2689 austeritate
1168 2664 1190 2697 ,
1234 2635 1388 2708 qma
1421 2611 1705 2724 militem·
1737 2637 1815 2686 ac
1846 2620 2184 2723 pecuniam
2218 2614 2717 2723 submittebant.

537 2707 889 2781 eonducta
927 2712 1003 2776 &
1037 2712 1527 2781 Germanorum
1554 2730 2001 2804 equrtumvis‚
2040 2734 2234 2807 magn
2334 2733 2414 2780 ue
2436 2734 2720 2808 paratu,

357 2810 360 2815 ”
495 2802 793 2884 ,ἰηάίᾶἰε
829 2801 1085 2898 publice
1125 2801 1699 2899 supplicationibus
1720 2857 1743 2891 ,
1781 2801 1998 2876 muse
2015 2810 2248 2891 Iunio,
2345 2829 2482 2877 nus
2514 2830 2726 2904 quam

536 2902 841 2996 oportuit
862 2946 882 2982 ,
925 2920 1078 2969 cum
1095 2895 1216 2971 sub
1235 2895 1412 2969 idem
1434 2918 1691 2994 tempus
1730 2900 1970 2972 Italicae
1986 2899 2382 2996 copiaefines
2402 2902 2521 2973 Bel
2584 2912 2728 2974 ’ωε

535 2989 915 3089 attigissent,
935 2995 1057 3064 iter
1076 2991 1429 3090 suscipitur.
1478 2992 1684 3070 Simul
1702 2992 1899 3065 missae
1921 2993 2195 3067 diversas
2210 2998 2277 3066 in
2299 2925 2693 3091 partesffitte

481 3110 490 3116 ’
537 3112 628 3161 1·ae
641 3086 1096 3161 adAtrebates
1118 3130 1139 3173 ⁵
1181 3088 1545 3161 Brabantos
1567 3145 1589 3173 ‚
1630 3087 1946 3162 Flandros
1973 3144 1995 3176 ‚
2014 3092 2309 3187 aliosque
2327 3112 2555 3162 earum
2574 3116 2733 3190 par-

539 3189 712 3259 tium
722 3182 1040 3256 Ordines.
1088 3182 1476 3256 Scribebant
1498 3185 1550 3254 F
1552 3183 1826 3261 oederati
1843 3185 1927 3256 de
1943 3184 2064 3257 suis
2080 3186 2270 3256 rebus
2290 3238 2312 3270 ,
2336 3185 2422 3257 de
2444 3189 2731 3286 Regum

415 3340 418 3343 .
539 3280 790 3353 auxiliis
828 3278 1178 3375 magnifica
1220 3302 1241 3348 :
1281 3278 1372 3351 de
1389 3276 1813 3360 seditionibus
1839 3280 2120 3351 *militum
2141 3280 2395 3353 adverfi
2411 3285 2480 3351 in
2504 3304 2732 3379 parte,

540 3373 629 3446 de
646 3373 905 3446 urbium
921 3397 1362 3471 agrorumque
1385 3374 1631 3447 vastitie
1646 3397 1785 3446 non
1814 3378 2025 3446 minus
2042 3400 2192 3449 vera
2239 3398 2259 3443 ε
2307 3397 2447 3471 quo
2466 3395 2583 3448 tot
2598 3381 2736 3448 mi·

544 3466 844 3571 seriarum
883 3474 1099 3568 pretio
1124 3524 1146 3556 ,
1193 3470 1310 3543 nifi
1343 3471 1530 3566 quod
1568 3474 1635 3540 in
1675 3469 1940 3543 miseriis
1969 3471 2269 3543 ultimum
2296 3524 2318 3557 ,
2366 3469 2739 3547 strvimte?

548 3566 706 3634 Nec
725 3569 900 3636 enim
918 3564 1264 3637 obscurum
1289 3618 1311 3651 ,
1359 3564 1522 3661 quid
1559 3563 1828 3660 Hispani
1847 3568 1981 3661 jam
2001 3564 2248 3639 dudum
2270 3582 2626 3662 pararent't
2657 3572 2740 3637 ἀ

547 3666 843 3755 nequem
862 3656 1011 3730 falia
1029 3661 1438 3760 transcriptio
1454 3657 1697 3733 falleret
1724 3716 1745 3747 ,
1780 3681 1892 3732 aut
1915 3667 2099 3733 inane
2130 3684 2371 3741 nomen
2392 3663 2747 3735 Archida-

547 3758 688 3840 cis‚
741 3753 1033 3828 viderent
1054 3756 1169 3854 ipfi
1194 3780 1388 3853 penes
1404 3754 1583 3851 qubs
1612 3755 1763 3828 belli
1786 3757 2109 3853 statusque
2176 3756 2379 3828 ublioi
2394 3755 2742 3829 summum

545 3846 703 3920 esset
740 3851 1050 3947 regimen.
1113 3855 1186 3924 Si
1219 3850 1409 3924 cordi
1442 3854 1764 3948 majorum
1793 3855 2001 3952 gloria
2039 3905 2063 3939 ,
2133 3881 2153 3925 ι
2188 3850 2612 3966 posterorum
2657 3854 2749 3923 11·-

546 3944 763 4017 bertas
784 3999 808 4033 ,
852 3946 1078 4017 darent
1092 3943 1153 4017 se
1170 3946 1386 4021 socios
1406 4001 1429 4035 ,
1462 3968 1573 4017 aut
1589 3944 1811 4019 saltem
1832 3950 2112 4021 modicis
2133 3946 2394 4020 tnbutis
2413 3953 2746 4046 egregios

541 4061 818 4116 conatus
859 4039 1234 4135 adjuvarent
1279 4066 1304 4114 t
1353 4048 1527 4117 irent
1563 4045 1967 4131 Archiduces
1990 4099 2011 4135 ‚
2062 4048 2135 4115 δε
2156 4047 2483 4159 quietiora
2522 4066 2749 4141 regna

1932 4186 1939 4191 ὴ
2364 4178 2369 4185 ·
2466 4162 2743 4237 quaere-
