2900 4628
492 208 1978 335 DEDICATIO.

138 434 389 506 =rum
430 405 951 511 nationum
991 401 1475 524 nonnulli,
1521 415 1628 515 δε
1672 406 2069 552 quidem
2107 405 2315 517 illu⁴

146 546 589 668 striores,
633 547 949 671 Galli,
1013 541 1470 697 Hispani,
1516 552 1718 662 Itali
1744 629 1774 672 ,
1844 555 2344 661 Cardina-„

141 690 296 800 les
324 771 358 814 ,
393 698 724 802 Duces
748 774 779 818 ,
815 696 1216 841 aliique,
1255 736 1690 842 quorum
1728 698 1885 806 vix
1917 699 2145 802 inire
2180 700 2316 804 est

58 890 67 897 ·
147 875 696 947 numerum
733 919 762 964 ,
800 881 1028 949 non
1066 846 1513 949 contenti
1546 838 2076 951 interfuisse
2115 920 2142 964 ,
2183 848 2310 951 in

138 988 758 1131 'quibusdam
837 996 947 1095 δε
1080 986 1490 1099 raefuiffe
1525 1066 1552 1110 ‚
1624 995 1921 1098 etiam
1994 1027 2112 1093 ex
2150 988 2315 1095 de-

146 1132 687 1282 scriptione
743 1144 937 1272 eius
1011 1135 1148 1242 1bi
1183 1132 1556 1242 famam
1610 1140 2059 1285 aucupati
2096 1133 2311 1242 lint.

152 1283 386 1391 Nec
425 1279 649 1388 sane
682 1278 1210 1388 immerito.
1292 1284 1587 1424 Qid
1625 1289 1893 1390 enim
1931 1284 2316 1392 mirabi-

146 1423 328 1532 lius
378 1505 408 1549 ,
462 1466 771 1574 quam
809 1427 1232 1578 populos
1267 1502 1298 1549 ‚
1337 1465 1764 1575 quorum
1805 1464 2309 1538 amantem

154 1576 518 1718 quietis
587 1582 703 1682 &
773 1609 1251 1682 mercatus
1320 1576 1771 1681 animum
1821 1575 2309 1725 plerae‘que

161 1758 502 1869 gentes
540 1796 571 1840 ,
613 1729 731 1834 ὗε
774 1723 1204 1827 maxime
1228 1719 1680 1867 Hispani,
1718 1726 1815 1826 in
1845 1719 2312 1831 socordiae

153 1902 541 2010 partem
580 1867 1450 2017 interpretabantur
1482 1944 1512 1988 ,
1588 1884 1929 1977 eontra
1960 1903 2316 2018 poten-2

155 2017 406 2118 tiam
449 2014 709 2123 illam
760 2014 1039 2120 nullis
1075 2050 1281 2119 non
1338 2013 1722 2162 regibus
1780 2010 2315 2121 formidan-

152 2161 398 2268 dam
463 2157 1054 2268 insurrexisse
1117 2204 1149 2266 τ
1198 2158 1746 2266 libertatem
1785 2162 1879 2268 vi
1933 2162 2310 2310 raptam

142 2312 460 2414 armis
499 2385 529 2428 ,
565 2303 1092 2414 foederibus
1134 2381 1163 2426 ,
1206 2303 1635 2453 ipsorum
1672 2305 2096 2454 denique
2133 2309 2312 2415 ho-

147 2455 451 2560 stium
489 2452 1093 2600 paffionibus
1130 2449 1299 2558 fibi
1336 2450 1875 2560 restituisse:
1916 2451 2151 2600 quin
2192 2462 2310 2562 δε

151 2598 669 2709 reddidisse
742 2599 1115 2708 bellum
1186 2592 1673 2748 Hispaniae
1704 2674 1736 2719 ‚
1813 2596 2310 2746 protulisse

152 2748 429 2856 idem
507 2747 632 2853 ad
684 2745 979 2853 Indos
1044 2751 1155 2851 &t
1202 2743 1326 2850 ad
1379 2781 1758 2852 novum
1817 2741 2094 2850 illum
2150 2784 2306 2852 ore

155 2891 400 3020 bem
426 2896 644 3040 ,qui
678 2931 885 3000 non
926 2888 1097 2995 nisi
1133 2888 1991 3037 adimponendam
2015 2892 2309 2998 veteri

158 3037 720 3147 servitutem
757 3040 1188 3149 deteaus
1225 3110 1255 3153 ‚
1328 3044 1439 3144 δε
1488 3077 1540 3143 e
1578 3068 1730 3142 tot
1761 3033 2304 3143 seculorum

160 3186 576 3335 caligine
609 3219 930 3292 erutus
972 3181 1506 3290 videbatur.
1618 3189 1745 3288 Et
1777 3207 2031 3287 certe
2067 3215 2306 3328 prae-

159 3332 525 3438 liorum
560 3329 1140 3438 terrestrium
1176 3362 1414 3460 artes
1456 3324 1832 3435 aliunde
1883 3325 2133 3431 forte
2168 3326 2310 3434 di-

162 3479 555 3590 scentur
592 3477 927 3587 melius
966 3507 1003 3582 z*
1029 3508 1125 3586 at
1158 3509 1713 3624 pugnarum
1754 3469 2228 3578 navalium
2273 3544 2305 3592 ,

164 3623 834 3744 obsidionum,
871 3620 1492 3731 tutandatum
1530 3618 1911 3725 urbium
1951 3652 2313 3765 praece-

158 3811 323 3924 pta
366 3775 656 3883 nullae
692 3771 1103 3898 historiae
1139 3802 1303 3873 aut
1338 3764 1609 3914 plura
1645 3762 2117 3890 dederint,
2141 3796 2307 3870 aut

159 3923 592 4034 meliora.
717 3921 1044 4054 Quare
1083 3952 1266 4020 nec
1303 3912 1877 4020 indecoram
1919 3913 2245 4060 patriae
2272 3985 2305 4029 ,

1021 4095 1032 4105 ·
1285 4093 1346 4154 ἡ
1465 4099 1505 4194 3
2119 4091 2303 4160 nee
