2900 4628
332 99 1378 236 HrsrourAR-vlu
1462 166 1703 239 2113.
1781 161 1994 239 x1v.
2118 173 2244 262 455

83 299 358 380 pontem
379 278 543 353 miffi
563 283 953 352 Batavorum
993 284 1244 376 equites
1270 334 1290 366 ‚
1341 280 1448 354 led
1482 283 1725 354 tardius
1767 284 2243 384 procellerent)
2316 295 2515 383 1605.

133 398 330 460 uarro
344 377 464 448 die·
489 374 573 446 ad
608 372 1042 445 Oldensaliam
1077 394 1337 448 ventum
1360 428 1383 461 ,
1432 377 1854 452 Transisalani
1872 382 2045 474 juris
2059 386 2253 476 oppi-

79 401 241 543 dum
267 523 289 558 ,
321 474 565 544 -veteris
587 464 1021 556 adhucsaeculi
1057 471 1452 544 munimenta
1474 469 1820 566 praeferens
1840 526 1860 558 ,
1901 497 2021 544 nec
2044 495 2257 550 muta-

75 586 268 651 tum,
298 587 538 660 exquo
571 564 919 636 Mauritius
956 584 1133 631 anno
1167 582 1316 632 ante
1353 562 1630 658 septimo
1669 588 1946 662 ceperat.
1999 565 2250 654 Visum,

75 663 492 756 quantumvis
516 655 1017 753 properantibus
1040 707 1061 740 ,
1094 659 1160 725 in
1180 653 1540 758 transcursu
1554 656 1732 762 posse
1764 665 1899 755 rapi
1925 713 1947 748 ‚
1985 663 2256 756 quando

76 778 247 838 mox
269 805 294 842 ‚
336 753 532 824 auclo
568 747 907 845 praesrdio‚
944 748 1155 820 crebri
1177 749 1327 820 inde
1342 756 1638 836 excursus
1668 757 1742 822 δε
1774 774 2252 828 commeatuum

55 846 371 947 *pericula
392 843 927 917 formidabantur.
981 848 1159 915 Intus
1199 839 1402 916 ferme
1420 848 1696 952 quadrin
1744 853 1878 918 enti
1910 871 1930 917 z
1970 873 2254 943 quorum

77 965 287 1039 eques
309 943 590 1038 primum
611 991 637 1024 .,
672 935 821 1026 inde
842 936 1040 1032 pedes
1056 960 1322 1033 erupere
1340 990 1359 1026 ‚
1380 963 1515 1014 non
1536 939 1664 1014 fine
1685 965 1719 1011 c
1786 941 1868 1014 de
1886 964 2117 1013 eorum
2137 946 2255 1037 qui

81 1037 284 1136 primi
302 1031 716 1108 accesserant.
766 1030 900 1106 Sed
917 1035 1194 1126 impares
1217 1032 1500 1128 repreffit
1536 1032 1869 1128 insequens
1886 1042 2209 1114 exercitus
2230 1059 2252 1104 z

81 1131 572 1222 contemtisque
603 1124 930 1198 miffilibus
954 1124 1148 1196 noete
1172 1149 1294 1196 una
1330 1128 1537 1198 tribus
1570 1127 1865 1224 partibus
1896 1127 2125 1200 fossam
2147 1153 2260 1199 us-

84 1249 218 1323 que
239 1223 474 1322 oppidi
494 1223 847 1318 penetravit
872 1243 892 1290 ε
934 1224 1311 1316 neutiquam
1332 1220 1506 1296 ambi
1550 1241 1705 1296 ente
1727 1223 1994 1317 Spinola
2019 1277 2041 1310 ,
2094 1227 2256 1319 quin

84 1341 450 1419 paucorum
469 1336 681 1388 morte
693 1338 769 1391 ac
788 1311 1150 1388 vulneribus
1171 1365 1206 1400 ,.
1230 1315 1412 1411 quod
1436 1314 1519 1386 be
1543 1318 1588 1388 li
1626 1314 2017 1410 potiffimum
2044 1369 2066 1404 ‚
2091 1339 2257 1389 tem·-

85 1438 216 1513 pus
235 1412 575 1484 redimeret
602 1462 624 1496 ,
646 1428 875 1482 contra
895 1431 1092 1505 quam
1112 1413 1428 1490 Mauritio
1528 1410 1798 1488 obatum
1822 1463 1842 1495 ‚
1866 1415 1972 1481 cui
1994 1436 2139 1486 mos
2157 1409 2252 1482 se-
2404 1497 2405 1500 Ἴ

141 1513 207 1582 ui
222 1509 358 1581 tuta
377 1530 413 1576 e
510 1529 589 1576 ue
607 1502 916 1588 tardiora.
965 1506 1168 1583 Mane
1193 1557 1215 1590 ,
1238 1504 1446 1602 -explo
1473 1506 1716 1600 o,quod
1738 1505 2086 1577 advexerat
2104 1530 2244 1579 ma-
2298 1508 2542 1593 ‚oldepsss

81 1628 128 1677 c
176 1529 722 1689 inarumffleditur
743 1595 1068 1695 oppidum
1091 1620 1111 1665 τ
1153 1605 1558 1697 cognitoque
1578 1622 1692 1694 per
1708 1603 1999 1695 captivos
2020 1605 2246 1698 Lingae
2271 1577 2574 1724 mg&

83 1696 296 1782 statu‚
342 1700 417 1772 δι
439 1692 579 1791 plus
601 1688 1226 1787 militisexspeQari,
1272 1697 1514 1788 anteire
1549 1697 1842 1789 equitem
1847 1693 2077 1787 jubet,
2116 1693 2246 1791 ipse
2273 1727 2451 1801 ssipi„

80 1790 299 1868 altero
322 1789 430 1862 die
450 1787 599 1882 figit
617 1785 842 1858 castra.
879 1788 1158 1894 Lingam
1177 1785 1544 1860 claudendis
1565 1788 1801 1864 finibus
1822 1787 2070 1874 utilem,
2088 1813 2247 1884 pro·
2312 1822 2404 1875 H„
2434 1829 2523 1878 ,m

146 1890 248 1958 rio
264 1903 535 1980 quoque
555 1877 792 1951 affectu
821 1899 895 1958 ut
921 1877 1050 1964 fibi,
1075 1878 1483 1968 concessam,
1518 1884 1866 1952 Mauritius
1997 1882 2252 1954 rcolens
2279 1839 2470 1967 absh.

80 1910 216 2055 {Bao
236 1975 443 2049 sumtu
459 1971 690 2072 suaque
719 1993 857 2044 arte
875 1974 1125 2056 munire
1158 1995 1454 2070 coeperat
1476 2029 1496 2060 ,
1536 1972 1858 2072 profunda
1899 1979 2020 2046 atis
2040 2000 2115 2047 ac
2138 2000 2256 2073 pa-

83 2095 284 2148 tente-
301 2065 465 2140 fossa
502 2072 576 2138 &
603 2068 708 2139 sex
745 2067 1244 2163 propugnaculis
1267 2092 1326 2160 ‚o
1377 2069 1601 2164 pidum
1634 2091 1981 2164 ,arcemque
2014 2093 2116 2140 am
2167 2070 2262 2141 le-

84 2192 242 2242 xus.
295 2163 424 2237 Sed
449 2185 668 2234 recens
693 2165 765 2248 βε
794 2180 973 2256 parte
1000 2157 1092 2231 sui
1113 2165 1319 2258 imper
1456 2185 1747 2257 umopus
1767 2215 1787 2247 ‚
1814 2162 2090 2233 necdum
2135 2161 2262 2237 oli-

86 2266 284 2337 datus
297 2282 523 2357 agger,
549 2253 1080 2354 oppugnantibus
1103 2260 1453 2350 proniora:
1491 2255 1884 2329 accedebant
1904 2257 2084 2329 miles
2109 2285 2262 2332 rno-

87 2362 285 2432 dicus
301 2357 388 2446 ,.(
413 2351 693 2424 sexcenti
715 2368 900 2435 erant
918 2402 941 2435 ‚
983 2371 1103 2420 nec
1121 2348 1414 2421 excursus
1439 2405 1462 2438 ,
1484 2374 1606 2427 nec
1641 2375 1765 2449 pro
1783 2351 1948 2424 vallo
1974 2377 2259 2450 pugnam

91 2448 309 2526 ausuri
329 2450 356 2542 >
378 2447 572 2518 duces
589 2464 842 2541 quanto
860 2448 1382 2540 inexperti-tanto
1401 2445 1795 2541 pavidiores,
1818 2470 1938 2516 nec
1955 2453 2260 2543 cuiquam

92 2542 549 2648 ponendarum
571 2539 1008 2611 machinarum
1035 2542 1299 2634 peritia.
1352 2542 1541 2611 Dum
1553 2541 1889 2612 trahuntur
1904 2561 2258 2628 tormenta,

91 2642 261 2715 dum
279 2637 462 2708 locus
481 2630 812 2729 dispicitur
832 2685 852 2717 ‚
890 2631 1020 2705 fine
1037 2656 1206 2703 noxa
1223 2632 1421 2706 bostis
1450 2687 1471 2719 ‚
1506 2633 1758 2729 adjutus
1777 2636 2122 2705 hortorum
2139 2659 2283 2713 anxa

95 2732 416 2809 flactibus
438 2781 460 2816 ,
482 2727 734 2798 credito
756 2728 949 2797 citius
970 2779 994 2813 ,
1037 2723 1220 2797 foffae
1262 2751 1397 2798 mar
1446 2730 1618 2804 inem
1662 2732 1892 2801 tenuit.
1924 2731 2265 2820 'Qatuor

96 2832 401 2903 nationes
427 2819 710 2903 ‚totidem
742 2841 783 2889 e
817 2816 981 2901 locis
1035 2819 1366 2892 tranfitum
1443 2820 1798 2895 estinabant
1841 2869 1865 2906 ‚
1917 2822 2269 2891 accedente

99 2920 404 2995 aemulatu
445 2940 464 2986 :
511 2937 653 3012 pars
691 2911 897 2983 ductis
928 2916 1082 2987 rivis
1116 2919 1182 2985 in
1215 2935 1497 2987 veterem
1540 2918 1757 3008 exigui
1792 2918 1995 2987 amnis
2016 2915 2275 2989 alveum.

98 3038 340 3111 aquam
359 2994 720 3094 abducere,
765 3026 1035 3103 pontem
1068 3008 1176 3080 alii
1215 3007 1409 3079 doliis
1425 3011 1803 3104 imponere,
1842 3027 1950 3077 aut
1969 3006 2164 3080 fasces
2187 3011 2281 3077 &-

100 3107 385 3204 virgulta
402 3104 705 3199 colligare
731 3154 753 3187 ,
791 3122 1052 3196 reperto
1079 3100 1162 3181 ad
1206 3100 1565 3179 Ostendam
1588 3124 1773 3171 more
1793 3154 1813 3186 ,
1849 3101 2015 3171 adeo
2039 3105 2264 3188 securi,

104 3222 190 3275 ut
208 3199 365 3272 nudi
383 3199 644 3294 quidam
663 3201 829 3268 intra
867 3191 1094 3273 fossatn
1115 3216 1377 3293 agentes
1398 3218 1567 3291 opus
1590 3198 2058 3293 promoverint.
2106 3199 2271 3266 No·-

102 3317 232 3371 nus
250 3314 385 3365 erat
402 3289 632 3365 obfidii
647 3291 784 3361 dies
809 3341 831 3375 ,
875 3293 949 3365 δε
972 3288 1279 3365 Walones
1320 3290 1893 3386 propugnaculum·
1908 3287 2024 3361 fibi
2044 3290 2277 3369 adver·-

104 3388 246 3464 sum
263 3386 602 3460 subierant.
647 3385 839 3467 Itali,
874 3382 1185 3480 Hispani,
1230 3387 1540 3455 Germani
1584 3386 1819 3479 partim
1841 3381 1999 3452 foss'a
2026 3383 2267 3471 media,

198 3485 347 3554 rtim
369 3485 636 3577 propius
658 3475 1082 3559 versabantur.
1113 3474 1465 3549 Praefe&us
1482 3477 1712 3573 oppidi
1730 3479 2057 3548 Martinus
2078 3477 2270 3551 Cob-

101 3508 289 3662 ἔξω,
309 3576 486 3651 senio
507 3571 743 3647 stacius
765 3576 841 3644 δε
864 3570 1073 3670 gressu
1091 3570 1322 3643 debilis
1346 3622 1366 3655 ‚
1409 3575 1823 3641 centuriones
1842 3571 2287 3654 in'confilium.

107 3690 335 3755 vocat,
356 3675 429 3739 &
450 3664 634 3765 super
650 3688 880 3737 caetera
898 3663 1319 3749 incommoda
1341 3663 1690 3759 globorum
1708 3668 2039 3760 penuriam
2053 3667 2273 3739 osten·

107 3769 306 3849 dens,
325 3761 485 3857 quid
504 3761 644 3834 usus
662 3762 846 3839 fauo·
855 3774 1046 3858 rogat
1070 3784 1090 3828 ε
1131 3782 1248 3831 nec
1264 3762 1565 3854 cuiquam
1585 3762 1831 3837 animus
1853 3761 2276 3855 periclitanti·-

109 3861 242 3933 bus
262 3860 675 3933 munimentis
693 3880 863 3949 nova
881 3856 1248 3954 praeducere
1275 3905 1297 3937 ,
1332 3858 1977 3949 corpora'opponere
2004 3905 2024 3939 ,
2057 3878 2274 3929 arcem

115 3953 340 4029 saltem
355 3946 703 4023 defensari:
741 3954 957 4029 mirari
978 3952 1183 4047 magis
1207 4000 1229 4033 ,
1263 3946 1448 4045 quod
1480 3962 1617 4019 'non
1649 3946 2050 4019 deditionem
2072 3948 2277 4019 hostis

115 4048 499 4149 exposceret
544 4066 565 4115 ε
613 4045 720 4123 alii
737 4065 920 4123 vetus
949 4043 1019 4118 id
1040 4082 1074 4134 ,ς
1111 4062 1250 4209 negv
1265 4040 1351 4121 ad
1390 4040 1749 4135 Ostendam
1767 4059 1874 4113 aut
1898 4039 2155 4202 Celpsnrn
2176 4038 2293 4119 fxi-2

809 4146 828 4156 “
1059 4142 1074 4150 ”
1149 4188 1154 4191 .
1299 4154 1346 4231 g
1834 4144 1839 4157 '
2010 4138 2267 4204 itaturn.
