2900 4628
362 214 1410 286 u1sroR1ARvM
1493 218 1961 288 Llss.1x.
2135 239 2265 312 397

96 344 243 400 acer
275 327 344 394 in
379 347 650 404 omnem
685 328 779 396 rei
820 323 1124 420 gerendae
1165 325 1576 398 occafionem
1616 380 1639 414 ‚
1704 324 1812 402 sex
1844 327 2268 400 loricatorum
2333 337 2539 410 1600.

96 436 339 510 turmas
373 417 611 489 eodem
646 440 870 516 rapere
894 471 916 503 ,
966 418 1206 514 quibus
1241 420 1496 491 hostem
1536 441 1817 517 urgeret.
1884 422 2157 519 Infignis
2185 447 2271 494 eo

94 511 208 586 die
245 515 361 610 par
396 512 597 588 multa
635 515 987 583 certamina
1023 512 1211 606 hujus
1249 518 1576 610 praecipue
1623 519 1822 587 virtus
1842 513 1967 586 fuit
1989 573 2010 600 ,
2057 517 2274 587 donec

93 611 314 678 coorti
333 604 774 708 fiispanorum
794 611 1046 701 equites
1064 660 1087 693 ,
1128 610 1206 677 δε
1221 607 1510 704 undique
1529 605 1711 680 affufi
1732 662 1752 694 ,
1773 615 1881 682 vix
1899 610 2127 681 decem
2151 611 2275 682 ho·-

93 705 347 780 minum
379 706 699 773 comitatu
739 699 888 772 suos
911 701 1298 798 praeveQm
1320 700 1629 774 inclusere
1647 758 1671 786 ,
1723 700 1827 775 led
1845 700 1952 774 sua
1978 704 2275 775 constan-

94 799 187 868 tia
211 801 289 867 &
310 786 654 893 prtefeQus
670 814 898 885 turmae
921 847 943 882 ,
986 796 1258 867 Cloetio
1296 803 1581 882 nomen,
1617 795 1997 869 subveniens
2016 803 2276 905 pericu-

95 890 167 962 lo
205 893 504 963 exeunt.-x
547 895 798 961 Interea
838 893 952 987 qui
993 887 1216 987 praelio
1252 886 1646 962 excesserant
1672 892 1894 988 colligi
1916 895 2271 988 reficique,

87 986 446 1059 instaurare
483 963 769 1082 pbgnam
795 1038 815 1071 ,
863 985 1044 1079 cujus
1081 983 1340 1059 diversis
1360 989 1428 1056 in
1449 987 1614 1058 locis
1636 1005 1866 1058 utnon
1890 1011 2011 1058 una
2032 987 2226 1058 facies
2247 1041 2270 1073 ,

96 1083 187 1153 ita
206 1077 423 1177 dispar
443 1077 654 1150 tortu*
713 1128 730 1150 .
793 1082 1105 1151 Horatius
1126 1099 1398 1177 propter
1416 1079 1630 1176 plana,
1651 1080 1915 1154 collium
1939 1080 2098 1167 fine,
2116 1103 2271 1153 cum

97 1173 205 1248 sex
229 1176 543 1252 centuriis
562 1230 583 1257 ‚
603 1102 935 1248 almus
957 1226 980 1259 ,
1001 1183 1072 1244 ut
1089 1179 1326 1269 cuique
1345 1175 1775 1245 commodum
1800 1226 1822 1260 ,
1842 1173 2268 1246 dimicabant.

98 1269 414 1363 Vndique
435 1291 653 1365 pugna
674 1262 736 1339 st
758 1288 1051 1341 moverat
1073 1320 1095 1358 ,
1119 1285 1239 1339 ceu
1259 1272 1527 1364 integrae
1548 1271 1714 1342 vires
1739 1273 1815 1340 δε
1838 1294 2043 1343 novus
2063 1273 2274 1340 utrin-

153 1387 236 1435 ue
255 1362 459 1436 hostis
475 1381 889 1433 concurreret
911 1415 932 1449 ,
973 1363 1182 1435 modo
1203 1361 1330 1434 buc
1350 1416 1372 1450 ,
1399 1362 1609 1436 modo
1630 1363 1780 1435 illuc
1807 1363 2156 1436 inclinante
2174 1367 2274 1435 vi-
2378 1375 2381 1384 '

100 1387 339 1530 gotia.
397 1462 588 1538 ¹Inter·
626 1459 947 1550 equitatus
977 1481 1115 1531 non
1157 1460 1246 1528 ita
1284 1457 1398 1529 diu
1415 1461 1611 1529 armis
1627 1457 1992 1553 quaefitum.
2053 1459 2272 1531 Facile

99 1550 393 1626 constitit
444 1551 1336 1648 Maurinanum·praepollere
1380 1605 1403 1640 ,
1444 1556 1659 1623 etiam
1702 1551 1946 1625 ducum
1986 1556 2267 1627 virtute:

100 1635 254 1720 nat‘n
278 1644 587 1718 ‘hostibus
624 1650 739 1743 qui
780 1645 1132 1742 peritiffimi
1173 1646 1440 1718 aberant
1467 1699 1489 1731 ,
1536 1646 1860 1718 Contrera
1892 1670 2007 1745 per
2039 1647 2274 1745 Hispa-

98 1744 282 1817 niam
298 1793 321 1828 ,
344 1739 743 1812 Landrianus
761 1740 1044 1816 morbo:
1091 1744 1167 1814 &
1185 1741 1315 1835 jam
1333 1739 1777 1838 Hispanorum
1791 1742 2089 1813 lancearii
2110 1765 2277 1813 con-

100 1840 325 1912 citato,
349 1834 536 1906 cursu
572 1839 1002 1932 Neoportum
1035 1834 1258 1931 fugam
1298 1835 1707 1907 intenderant
1728 1889 1750 1920 ‚
1797 1835 1891 1906 illi
1915 1832 2277 1932 sequeban-

103 1951 240 2003 tur.
314 1930 446 2002 Sed
468 1926 744 2001 restabat
764 1929 959 2026 pedes
979 1982 998 2015 ,
1068 1928 1525 2025 ugnabantque
1539 1929 1753 2002 adhuc
1773 1926 2049 2000 feliciter
2066 1983 2090 2016 ,
2110 1932 2278 2000 inter

104 2024 395 2098 tumulos
416 2043 594 2095 certe
611 2076 633 2108 ,
683 2044 968 2117 quorum
1015 2023 1255 2121 astigiis
1276 2023 1659 2095 detrudebat
1672 2026 2141 2094 Mauritianum
2159 2026 2297 2112 mi·¹

105 2120 293 2192 litem
316 2171 339 2204 ,
385 2123 732 2189 tormentis
747 2121 942 2188 etiam
966 2171 986 2204 ,
1019 2140 1179 2213 ‚quae
1200 2121 1266 2188 in
1289 2116 1476 2190 edito
1489 2118 1707 2189 *locata
1730 2171 1751 2205 ,
1796 2141 1878 2189 ex
1900 2121 2280 2216 propinquo

108 2217 482 2285 imminens.
546 2216 715 2284 Tres
753 2211 946 2283 horas
962 2215 1411 2284 continuatum
1431 2212 1523 2285 est
1543 2211 1830 2309 praelium
1852 2212 2113 2311 paribus
2136 2216 2279 2282 ani-

106 2311 242 2383 mis
286 2318 305 2377 ἑ
356 2311 596 2379 interea
630 2305 973 2379 horrendae
1009 2305 1245 2404 strages
1283 2332 1304 2377 ε
1353 2304 1628 2379 multum
1675 2303 1995 2404 {anguinis
2017 2302 2223 2377 fitium
2250 2357 2275 2394 ,

107 2407 369 2474 eminus
390 2456 412 2487 ,
457 2402 1057 2474 cominus.vulnera
1091 2407 1166 2472 δι
1201 2422 1472 2473 mortes.
1541 2405 1810 2497 Iamque
1830 2399 2150 2474 remistrat
2171 2424 2279 2471 ar·

109 2498 250 2569 dor
266 2549 289 2582 ,
311 2496 699 2594 corporibus
719 2519 989 2594 quoque
1008 2520 1126 2593 per
1151 2497 1404 2575 labores
1426 2549 1448 2582 ,
1479 2501 1554 2567 δε
1573 2501 1725 2592 quia
1733 2499 1820 2595 jej
1828 2496 1934 2568 uni
1957 2497 2276 2593 plerique,

107 2591 570 2690 languentibus
593 2644 615 2676 ,
662 2595 732 2662 ni
772 2591 919 2662 suos
963 2593 1271 2687 Princeps
1303 2588 1721 2663 accenderet.
1812 2595 1946 2663 Hic
1981 2590 2281 2662 turbatos

112 2706 592 2783 recomponere
607 2737 629 2771 ,
682 2688 756 2753 &
800 2685 965 2757 hosti
990 2739 1011 2773 ,
1058 2685 1234 2781 ssqua
1273 2685 1531 2760 instaret
1553 2738 1575 2773 ‚
1621 2685 1911 2779 objicere
1942 2684 2280 2756 instructas

108 2784 357 2853 iterum
401 2802 627 2851 manus
652 2832 674 2864 ,
721 2779 829 2850 hic
869 2784 1147 2851 excitare
1184 2778 1275 2851 fin
1324 2779 1467 2850 ulos
1489 2835 1510 2866 ‚
1559 2801 1632 2850 ut
1665 2784 1913 2876 ingenti
1926 2783 2151 2851 animo
2169 2802 2278 2849 ca-

113 2872 441 2973 pefferent
479 2896 762 2970 pugnam
781 2921 800 2942 .
882 2871 1182 2945 Tandem
1223 2801 1338 2945 suff)
1376 2872 1702 2971 vesperam
1738 2873 2014 2969 equestri
2053 2871 2280 2970 praelio

112 2992 261 3043 rem
296 2967 627 3040 conficere
664 2966 880 3039 statuit
902 3012 942 3053 ,ε
971 2967 1090 3039 hac
1119 2988 1299 3064 parte
1319 2970 1551 3041 virium
1574 2969 1841 3040 invictus
1861 2989 2105 3038 turmas
2120 2966 2280 3043 duas
2370 3042 2375 3048 ἡ

109 3066 328 3138 mittit
353 3115 375 3147 ,
406 3085 554 3158 quar.
563 3063 749 3156 juxta
767 3081 1091 3135 tormenta
1108 3067 1177 3137 in
1200 3063 1423 3149 littore
1441 3060 1858 3134 confisterent
1873 3117 1895 3148 ‚
1925 3062 2118 3133 altera
2145 3062 2284 3131 Ve-

110 3161 207 3242 rii
246 3176 381 3227 erat
406 3204 442 3241 ‚=
474 3157 657 3228 alteri
701 3177 968 3253 praeerat
1008 3153 1248 3229 Balius.
1312 3158 1438 3227 His
1456 3159 1548 3227 im
1597 3176 1734 3227 erat
1755 3157 2003 3229 hostem
2022 3153 2297 3230 lacesse--

114 3276 198 3324 re
227 3304 249 3336 ,
297 3274 415 3322 nec
433 3248 575 3349 spes
594 3253 855 3348 decepit
880 3304 901 3338 ,
923 3246 1093 3323 -fore
1108 3271 1181 3321 ut
1199 3254 1453 3322 initium
1475 3256 1536 3323 vi
1606 3254 1763 3321 oriae
1784 3274 1858 3321 ea
1875 3274 1956 3321 ex
1977 3269 2283 3349 partena-
2528 3262 2561 3326 t

113 3346 423 3419 secretur-
475 3349 657 3417 Nam
677 3346 890 3418 hostes
910 3346 1076 3441 ‚eipfi
1097 3368 1367 3447 quoque
1380 3343 1582 3415 finem
1604 3344 1828 3442 praelio
1842 3343 2142 3417 ardentes
2159 3347 2285 3413 im-

117 3444 414 3540 ponere,
464 3441 639 3513 re&
682 3443 749 3511 in
788 3464 907 3511 eos
925 3441 1340 3517 vehebantur.
1408 3438 1538 3512 Sed
1561 3460 1735 3511 tanta
1765 3444 1830 3511 in
1851 3463 1968 3511 eos
1989 3443 2284 3511 tormen-

117 3536 350 3611 torum
378 3536 478 3609 vis
511 3534 811 3606 detonuit
832 3588 852 3621 ,
902 3555 973 3605 ut
1007 3535 1208 3606 multa
1246 3533 1429 3606 clade
1463 3554 1729 3632 accepta
1762 3557 2081 3632 equorum
2120 3534 2287 3605 mili-

115 3650 442 3727 tumque,
484 3628 868 3702 deflexerint
900 3634 1021 3700 iter
1040 3680 1059 3699 .
1142 3632 1269 3700 Per
1296 3653 1501 3728 gyros
1542 3650 1759 3703 tamen
1791 3633 2107 3729 proximis
2141 3629 2288 3725 col-

120 3726 289 3798 lium
322 3729 894 3822 interequitantes,
933 3728 1009 3794 &
1044 3723 1305 3796 ulterius
1340 3722 1553 3821 refugi
1576 3780 1599 3814 ‚
1637 3730 1704 3797 in
1737 3726 1920 3797 littus
1940 3726 2281 3813 redibant,

113 3817 348 3891 donec
383 3825 681 3918 proxime
718 3818 1043 3891 machinas
1063 3824 1296 3891 iterum
1327 3823 1590 3892 evectos
1609 3822 1983 3892 Mauritiani
2004 3824 2291 3892 maximo

119 3917 384 4012 impetu
423 3910 742 3987 fimdunt.
831 3914 1299 4010 Submotisque
1334 3914 1615 3986 hostium
1655 3920 1881 3987 turmis
1920 3915 2129 3986 statim
2166 3939 2287 3987 co-

117 4009 357 4083 hortes
393 4008 726 4107 impellunt
750 4061 775 4095 ,
869 4009 1332 4081 uorum-duces
1357 4012 1621 4106 *Sapena
1662 4016 1737 4081 δὲ
1777 4007 2034 4082 Villarfi
2072 4013 2200 4083 vivi
2220 4014 2292 4083 in

117 4105 517 4204 potestatem
543 4126 797 4180 venere.
824 4124 830 4130 ’
904 4114 1046 4179 arte
1062 4128 1145 4180 ex
1161 4103 1358 4180 altera
1378 4105 1701 4204 Principis
1728 4101 2032 4207 indefeffa
2046 4109 2244 4267 virtsus
2263 4158 2288 4192 ‚

2014 4219 2146 4297 prae
2171 4218 2288 4274 ens
