2900 4628
441 85 1476 212 HISTORIARVUM
1566 141 2026 215 L.113.1x.
2205 165 2325 239 393

181 271 334 326 rum
383 271 706 335 armatura
729 307 753 340 ,
802 256 890 324 ita
936 257 1004 324 in
1049 271 1290 325 turmas
1335 251 1623 351 dispositi
1668 251 2086 327 vehebantur.
2137 254 2341 329 Flexo
2413 255 2625 344 1690}

180 349 295 420 die
314 401 335 435 ,
382 349 492 419 ubi
509 352 779 445 propius
799 347 1220 422 constiterant
1240 352 1410 418 acies
1440 401 1464 434 ‚
1512 346 1945 447 Hispanorum
1967 349 2349 443 prudentio-

180 465 289 522 res
309 463 445 514 rem
463 446 530 513 in
552 442 893 514 consilium
914 448 1172 513 mittere
1190 497 1213 530 ‚
1259 438 1494 512 afferre
1510 462 1926 513 communem
1961 446 2250 514 Martem
2272 449 2348 515 &

179 535 449 609 dubiam
466 535 617 608 belli
633 537 877 609 aleam:
917 561 1054 608 non
1075 541 1248 608 enim
1274 590 1295 624 ‚
1316 556 1387 606 ut
1409 536 1729 608 creditum
1758 531 1787 620 ‚⁶
1803 525 2054 608 hostem
2077 539 2141 608 in
2160 563 2352 610 naves

178 629 400 703 moliri
418 628 684 729 fugam,
730 656 866 703 non
885 653 1060 728 terga
1079 629 1514 727 dareimpune
1533 629 1837 703 caede'nda
1877 654 1897 699 ε
1941 635 2029 701 ita
2045 630 2349 706 instructa
2458 643 2459 650 ’

177 729 320 796 acie
342 779 364 811 ,
411 727 500 796 ita
516 729 815 796 animatis
836 725 918 796 ad
946 749 1227 822 pugnam
1244 725 1553 797 omnibus
1582 779 1603 810 ,
1647 729 1842 800 etiam
1864 721 2080 808 viciffe
2094 750 2233 798 non
2250 732 2353 804 in-

177 838 523 892 cruentum
541 818 709 891 fore.
782 819 1151 891 Videndum
1172 873 1194 906 ,
1216 843 1297 891 ne
1316 843 1467 908 eum
1484 817 1732 916 sperare
1752 841 2094 916 cogerent,
2112 826 2225 916 qui
2248 825 2351 892 in-
2428 831 2431 834 ’

175 933 280 985 ter
298 935 401 983 tot
432 912 717 1008 pericula
751 911 1178 1011 deprehensus
1204 903 1494 1011 praelium
1530 915 1666 1009 jam
1690 919 1921 986 timere
1945 938 2079 985 non
2118 914 2380 1010 peiren·
2482 959 2487 968 ‡

175 1008 638 1081 Obfidendum
658 1012 878 1104 potius
897 1063 918 1095 ,
962 1005 1240 1079 cumsua
1266 1013 1515 1079 circum
1537 1012 1787 1096 omnia,
1809 1007 1978 1082 hosti
2001 1008 2158 1080 nihil
2181 980 2374 1106 prat-'-f

173 1102 346 1177 fidio
383 1101 584 1175 foret.
652 1108 905 1174 Interea
953 1106 1305 1198 quiesceret
1351 1103 1534 1173 miles
1578 1108 1832 1199 magnis
1883 1103 2222 1180 itineribus
2272 1101 2350 1175 δὲ

175 1221 317 1267 uno
338 1195 428 1269 sat
456 1198 680 1294 praelio
716 1196 1046 1293 fatigatus.
1117 1199 1322 1270 Erant
1365 1196 1691 1289 sententiae
1726 1220 1874 1292 quae
1900 1201 2173 1293 primam
2219 1196 2350 1270 esse

169 1313 400 1363 curam
447 1291 793 1376 volebant,
839 1292 1256 1387 recuperandi
1319 1290 1644 1363 castellum
1690 1290 1874 1388 quod
1918 1289 2002 1361 ab
2066 1292 2350 1381 Alberto

173 1389 582 1456 nominatum
625 1385 929 1460 diximus.
998 1385 1241 1458 Sed&
1264 1386 1716 1489 priorepraelii
1756 1382 2032 1457 succeffu
2065 1390 2152 1456 ita
2195 1386 2347 1458 elati

170 1501 356 1550 erant
376 1480 651 1551 militum
669 1483 909 1566 animi,
932 1502 1003 1551 ut
1024 1503 1160 1562 non
1187 1480 1480 1576 praelium
1500 1480 1616 1551 irbi
1639 1532 1661 1566 ‚
1695 1478 1800 1554 sed
1826 1480 2109 1576 praedam
2135 1534 2157 1566 ,
2176 1485 2345 1579 eripi

169 1576 552 1660 crederent;
598 1573 931 1646 celebrato
966 1574 1321 1649 multorum
1357 1573 1630 1647 vocibus
1651 1595 1868 1647 vetere
1904 1572 2342 1672 Hispanorum

169 1668 352 1740 ἀίἂο
375 1722 397 1756 ,
449 1673 624 1764 Qo
645 1666 859 1766 plures
884 1670 1149 1758 Mauri,
1197 1668 1326 1740 hoc
1347 1669 1590 1740 clarior
1607 1669 1880 1748 vinitoria
1926 1692 1945 1736 :
2001 1675 2075 1758 ὃς
2096 1667 2231 1741 fere
2250 1694 2339 1741 eo

168 1782 429 1836 ventum
466 1785 606 1836 erat
634 1817 655 1851 ,
709 1762 881 1835 unde
914 1761 1045 1834 fine
1085 1765 1435 1850 certamine
1472 1764 1681 1836 invito
1711 1761 1899 1834 hoste
1933 1759 2172 1834 discedi
2192 1789 2331 1837 non

166 1854 408 1955 poffet.
488 1860 756 1930 Ducum
799 1861 996 1930 etiam
1041 1857 1338 1955 plerique
1381 1855 1754 1954 rapiendam
1802 1856 2113 1951 putabant
2157 1857 2337 1928 illam

129 1955 537 2024 ‘animorum
584 1956 1029 2023 incitationem
1094 1956 1168 2021 δε
1226 1953 1620 2024 alacritatem
1664 1955 2023 2032 exercitus,
2103 1953 2335 2048 Spreta

164 2047 582 2119 cunctatione
600 2044 846 2118 lalutari
868 2048 1071 2141 magis
1090 2068 1289 2141 quam
1308 2043 1636 2146 speciola,
1683 2050 1979 2144 quamvis
1996 2044 2276 2120 accensis
2305 2099 2328 2138 ‚
2402 2070 2412 2082 ·

165 2140 577 2235 hortamenta
598 2141 838 2239 placuit
853 2139 1186 2224 admoveri
1206 2195 1228 2229 ,
1276 2164 1348 2213 ut
1387 2138 1772 2238 perficerent
1794 2140 2131 2212 victoriam
2156 2193 2178 2228 ‚
2212 2141 2331 2214 au-ss*
2392 2143 2655 2233 ΜΨ·

250 2257 397 2309 rent
438 2235 642 2336 spolia
668 2288 690 2322 ,
739 2234 1135 2323 trucidarent
1169 2262 1305 2308 non
1343 2242 1551 2308 aciem
1574 2288 1596 2323 ,
1645 2232 1752 2307 sed
1768 2234 2071 2331 reliquias
2106 2234 2245 2308 caefi
2283 2208 2625 2344 aqxae'ff'·

165 2258 595 2407 &exercitum
673 2330 832 2415 Illos
850 2350 1145 2426 expertes
1183 2332 1557 2428 praeliorum
1582 2335 1656 2402 δε
1674 2332 1978 2404 haetenus
2010 2334 2077 2402 in
2097 2332 2317 2403 Deum
2339 2304 2651 2430 md?

55 2460 56 2467 ¹
164 2418 972 2526 principemque‘rebelles
993 2479 1017 2515 ,
1060 2449 1360 2525 receptus
1390 2446 1643 2498 tantum
1689 2426 1926 2497 fiducia
1948 2479 1970 2511 ‚
2018 2446 2091 2497 ut
2127 2416 2314 2497 semel
2342 2443 2535 2494 tamur.

162 2522 398 2595 collata
418 2522 591 2621 figna
611 2574 634 2607 ,
682 2520 1039 2617 prostratos
1061 2518 1261 2603 subita
1297 2522 1483 2601 clade
1503 2575 1526 2609 ‚
1575 2544 1744 2592 nunc
1830 2544 2048 2617 noque
2070 2544 2322 2619 pugna-

163 2636 351 2690 turos
376 2670 398 2704 ,
442 2622 596 2713 qnia
611 2614 838 2711 fugere
877 2638 1013 2685 non
1032 2610 1310 2710 poffent.
1386 2618 1559 2687 Non
1580 2616 1686 2686 hic
1707 2544 1938 2686 foffam
1962 2670 2008 2707 ,l
2031 2641 2168 2697 non
2188 2615 2328 2687 val-

162 2709 299 2784 lum
323 2717 395 2782 &
433 2733 581 2807 quae
617 2708 735 2780 alia
754 2709 878 2781 illis
914 2711 1601 2807 munimentajgnaviae
1642 2713 1935 2785 :‚venire
1954 2734 2036 2782 ex
2063 2709 2329 2782 latebris

160 2800 533 2878 miseratos
560 2855 583 2891 ,
633 2826 753 2874 nec
825 2806 1127 2897 uicquam
1161 2802 1397 2875 habere
1417 2824 1653 2902 praeter
1667 2827 1840 2874 arma
1863 2857 1887 2889 ‚
1932 2828 2080 2901 quae
2118 2805 2335 2891 detres·

162 2901 335 2973 &ata
368 2898 672 2972 haRenus
709 2901 730 2967 i
846 2894 953 2969 elli
999 2895 1446 2969 conscientia„
1501 2895 1688 2995 Ipsos
1715 2901 1792 2971 in
1829 2897 2072 2969 dextris
2105 2921 2333 2995 gerere

214 3015 481 3065 uantum
515 2990 641 3063 esse
661 2989 893 3073 ducem
915 2985 1090 3066 suum
1111 2991 1347 3063 vellent
1386 3016 1410 3081 :A
1458 2991 1629 3078 hunc
1651 2997 1824 3077 enim
1858 2994 2033 3066 diem
2060 3045 2082 3080 ,
2131 2993 2330 3088 fiqui-

161 3016 320 3159 dem
352 3091 608 3162 vincere
645 3083 960 3163 auderent
984 3137 1006 3169 ,
1052 3085 1458 3158 redditurum
1497 3085 1611 3183 ipfi
1658 3092 2001 3184 imperium
2045 3112 2064 3155 :
2117 3111 2331 3187 neque

162 3181 408 3259 benum
455 3181 618 3255 ultra
661 3201 682 3248 ε
739 3181 1022 3275 primum
1058 3179 1189 3250 hoc
1232 3179 1632 3251 &ultimum
1715 3181 1964 3252 raelium
2013 3205 2031 3250 ε
2077 3206 2224 3253 nam
2243 3180 2330 3257 ad

158 3274 622 3353 Turnholtam‘
647 3272 920 3370 quidem
962 3275 1202 3344 merito
1255 3271 1457 3346 caesos
1541 3278 1604 3345 ui
1726 3298 1880 3372 gere
1923 3275 2279 3348 maluissent
2303 3327 2328 3364 ‚

158 3393 360 3466 quam
381 3369 547 3442 hosti
567 3390 911 3440 occurrere
952 3389 972 3434 τ
1010 3388 1130 3437 nec
1146 3366 1238 3440 ibi
1258 3387 1367 3439 aut
1388 3392 1525 3465 prae
1551 3372 1683 3455 ium
1700 3390 1808 3439 aut
1830 3374 2194 3447 exercitum
2216 3390 2329 3442 aut

158 3469 636 3563 imperatorem?
654 3457 862 3532 fuisse.
891 3548 900 3554 α
932 3461 1140 3534 Nune
1173 3486 1395 3535 coram
1432 3460 1640 3558 ipsum
1676 3467 1780 3535 cui
1806 3461 2044 3534 bellum
2070 3487 2329 3562 gerere-

158 3580 315 3649 tur,
363 3559 590 3639 testem
627 3559 861 3654 cuique
881 3558 1157 3627 virtutis.
1226 3558 1381 3651 Ejus
1403 3561 1698 3652 ingentes
1736 3557 2036 3629 viel-orias
2059 3613 2080 3647 ‚
2131 3557 2327 3628 Cale-

157 3674 339 3741 tum,
394 3653 696 3729 Hulstum
739 3704 762 3737 ‚
835 3649 1230 3743 Ambianum
1254 3705 1275 3739 ,
1328 3652 1571 3734 robur,
1618 3650 2087 3738 constantiam,
2136 3652 2325 3729 indu-

158 3747 378 3820 striam
412 3772 451 3819 a
483 3745 745 3844 fingulis
785 3743 1091 3840 exemplo
1130 3745 1245 3818 suo
1268 3745 1580 3842 flagitare.
1646 3751 1808 3821 Haec
1849 3770 2155 3844 proceres
2185 3803 2207 3832 ,
2251 3768 2324 3825 ut

155 3865 491 3940 quemque
542 3836 975 3924 accefferant,
1027 3838 1211 3935 plura
1254 3841 1336 3912 ad
1390 3838 1715 3937 Hispanos
1756 3862 2043 3914 veterum
2100 3864 2327 3920 recen-2

154 3943 453 4033 tiumque
491 3934 915 4012 admonentes
955 3956 974 4001 ε
1029 3956 1149 4028 per
1173 3935 1430 4033 ¹decora
1464 3937 1830 4032 majorum,
1879 3942 2144 4032 quinon
2163 3962 2328 4007 con-

151 4037 322 4115 tenti
340 4050 596 4111 tautum
618 4034 900 4132 Europae
916 4022 1659 4207 continuagegincendo
1674 4033 2055 4135 incognitos
2075 4031 2321 4201 orelaceasl,

1153 4154 1175 4174 s
1398 4145 1442 4225 ς
2294 4160 2328 4186 0
2392 4208 2403 4213 ,

1599 4198 1615 4231 ἱ
