2900 4628
424 188 1484 260 HxsToRIARVM
1559 190 1804 263 LIB.
1883 191 2152 262 xvxt
2243 211 2369 282 557

82 331 99 350 ·
188 295 460 371 confilia
483 297 706 371 sociat.
775 303 908 371 Hie
932 296 1210 371 mensem
1227 301 1508 369 moranti
1526 298 1797 370 alterum
1812 298 1994 385 laetus
2017 306 2191 374 venit
2209 326 2372 375 nun·
2429 308 2632 380 1608.

188 397 324 462 tius
349 446 371 479 ,
391 392 652 464 divifiim
674 393 953 464 hostium
972 391 1225 477 claffem
1260 415 1281 460 ε
1328 406 1714 489 partemque
1777 393 2027 468 raefidio
2050 394 2225 469 ivisse
2244 403 2370 468 im-

78 524 84 528 ·
189 485 472 557 bellibus
515 491 781 586 navigiis
827 512 847 557 ε
899 511 1020 560 nec
1060 495 1143 559 ad
1174 488 1546 559 Malaccam·
1575 511 1726 585 amp
1753 492 1849 560 ius
1881 488 2152 563 relidere
2171 516 2369 587 quam

189 581 522 652 Galeones
542 580 809 680 septem,
828 583 1059 680 longas
1080 603 1237 653 tres.
1265 583 1520 652 Nautas
1539 587 1740 680 igitur
1758 584 1965 654 modo
1985 589 2202 672 minis,
2226 610 2394 668 moq

152 710 157 713 -
189 673 287 744 do
308 675 625 773 promiffis
648 677 1076 774 aggrediens,
1118 682 1225 747 vix
1241 677 1504 747 tandem
1529 680 1863 771 permovet
1879 733 1900 762 ,
1921 701 2000 748 ne
2023 698 2153 749 tam
2174 681 2367 751 beni·
2420 753 2428 769 ,

186 792 389 868 gnam
436 771 719 841 'uvanclae
744 777 965 868 patniae
984 770 1391 842 occasionem
1412 770 1498 841 de
1516 770 1811 842 manibus
1832 777 2218 846 emitterent
2269 776 2364 845 Vt
2406 812 2416 818 ·
2468 809 2475 820 ·

140 863 147 868 ’
187 863 275 934 ad
298 795 655 934 Malaccam
678 887 941 936 ventum
963 864 1080 951 est,
1104 863 1653 962 conspestumque
1674 866 1952 945 hostium
1973 866 2223 938 classem
2244 865 2360 940 sub

187 962 360 1028 arcis
391 960 587 1030 tutela
626 959 931 1030 anchoris
945 963 1148 1030 teneri
1170 1013 1189 1045 ,
1238 982 1375 1054 quo
1395 983 1537 1029 eam
1556 985 1590 1030 a
1680 979 1851 1029 rtum
1872 965 1937 1030 in
1955 986 2129 1031 mare
2149 962 2360 1033 dedu-

189 1074 369 1123 ceret
389 1053 744 1124 Matelifius
770 1108 791 1140 ,
825 1055 954 1125 hoc
975 1054 1114 1124 usus
1132 1054 1532 1126 estconfilio.
1596 983 1919 1124 grumam
1938 1076 2083 1150 quoe
2095 1057 2355 1152 jacebat

189 1153 445 1220 navium
481 1149 845 1242 (Nicolaus
891 1150 1266 1243 dicebatur)
1307 1172 1458 1219 cum
1504 1151 1804 1244 praetoria
1840 1145 1944 1219 fita
1979 1149 2357 1247 duabusque

188 1243 327 1313 aliis
346 1240 476 1340 ipse
494 1248 915 1314 circumvenit
942 1286 963 1330 5
1002 1242 1398 1341 prae‘cisoque
1417 1244 1748 1314 anchorali
1769 1239 1922 1313 fune
1941 1239 2157 1314 secum
2177 1249 2244 1314 in
2264 1247 2358 1316 al·-

187 1356 329 1408 tum
366 1339 577 1409 trahit:
653 1340 1021 1432 Parcasque
1058 1342 1273 1409 nitrati
1318 1338 1412 1408 ob
1442 1340 1581 1432 ejus
1611 1339 1943 1433 penuriam
1975 1361 2218 1435 paucos
2249 1337 2366 1412 sed·
2442 1400 2446 1408 .

188 1451 408 1503 certos
430 1433 782 1530 globorum
798 1435 1006 1526 iaetus
1032 1432 1327 1519 destinat,
1353 1456 1489 1503 non
1512 1436 1639 1504 ima
1661 1452 1913 1527 petens,
1941 1436 2187 1530 quippe
2206 1456 2356 1505 cum

186 1528 604 1622 tranquillum
634 1551 807 1597 mare
837 1524 1106 1597 mersare
1123 1550 1347 1599 navem
1366 1525 1674 1599 abnueret
1693 1579 1714 1613 ,
1751 1524 1858 1596 sed
1879 1527 2104 1610 foros,
2129 1531 2203 1597 &
2226 1551 2360 1623 qua

183 1624 284 1693 vis
322 1622 658 1692 hominum
699 1621 1067 1694 denfiffima·
1086 1620 1488 1693 constiterat.
1561 1624 1924 1715 Statimque
1946 1624 2216 1718 irrumpi
2233 1647 2357 1693 na-

184 1739 331 1789 vem
343 1717 534 1813 jubet
552 1770 572 1802 ‚
601 1740 675 1785 ac
698 1716 745 1787 fi
764 1717 923 1812 quid
944 1715 1211 1787 obvium
1235 1715 1607 1786 obtruncari
1642 1737 1663 1783 ε
1713 1714 2055 1811 necsegnis
2075 1719 2142 1786 in
2162 1715 2364 1789 obse-

185 1813 411 1907 quium
434 1833 622 1881 nauta
649 1865 669 1896 ‚
688 1834 757 1881 ut
784 1813 1010 1908 praelio
1029 1810 1376 1882 incaluerat
1396 1863 1417 1897 ‚
1434 1808 1775 1881 domestici
1793 1814 2157 1879 certaminis
2175 1810 2352 1882 obli·

184 1914 333 1991 tus3
379 1904 460 1976 fit
479 1929 708 2002 magna
743 1906 1001 2003 strages,
1066 1905 1350 1975 vacuam
1364 1904 1499 2000 jam
1516 1925 1788 1988 navem,
1835 1902 1954 1973 nifi
1971 1901 2018 1974 fi
2039 1907 2155 1998 qui
2175 1902 2351 1977 forte

183 2000 594 2085 delituerant,
617 2022 766 2070 cum
794 2000 1136 2070 incendere
1158 1998 1513 2072 Matelifius
1532 1996 1748 2083 vellet,
1764 1992 1955 2093 elapfi
1974 2020 2178 2093 nuper
2193 2000 2355 2070 No-

183 2117 368 2165 ronae
399 2102 651 2164 memor
678 2148 697 2180 ,
749 2100 1042 2165 centurio
1088 2092 1353 2189 quidam
1375 2091 1731 2164 custodiam
1752 2092 1891 2186 ejus
1915 2087 2305 2188 depoposcit
2325 2147 2350 2180 ,

184 2210 308 2262 nec
333 2188 663 2287 praestitit:
706 2212 851 2260 nam
875 2210 1068 2286 rupto
1092 2212 1231 2283 quo
1253 2187 1640 2258 attinebatur
1661 2185 1864 2269 reste,
1910 2191 2084 2258 navis
2102 2186 2185 2257 ad
2204 2187 2353 2259 suos

181 2282 401 2355 rediit.
466 2289 714 2355 Interea
737 2302 876 2355 tota
898 2283 1348 2357 Lusitanorum
1372 2281 1574 2355 claffis
1599 2335 1618 2368 ‚
1651 2302 1791 2378 quo
1810 2279 2189 2377 periclitanti
2215 2284 2355 2353 Ni-

181 2377 379 2450 colao
415 2376 773 2450 subveniret
798 2434 817 2464 ‚
858 2375 1079 2449 solutis
1110 2379 1410 2449 anchoris
1434 2381 1501 2450 in
1524 2399 1697 2448 mare
1718 2373 2148 2447 delcenderat.
2216 2380 2354 2450 Ex-

181 2473 526 2639 Eeciabant
546 2476 764 2545 Batavi
786 2473 1414 2571 fingulis,i1it‘erdum
1437 2478 1513 2546 δε
1535 2471 1731 2556 binis,
1758 2469 2023 2543 navibus
2047 2470 2348 2570 singulas.

259 2563 674 2663 ispanicarum
715 2592 835 2638 una
870 2587 1148 2640 cremata
1175 2566 1269 2639 est
1294 2621 1315 2655 ,
1357 2567 1479 2637 alia
1496 2564 1932 2639 Sebastianum
1954 2568 2219 2638 Suarem
2238 2590 2351 2641 ve-

181 2663 345 2734 hens
360 2658 423 2732 st:
448 2660 719 2732 dedidit.
777 2662 1139 2733 Caeterae&
1158 2663 1379 2736 lacerae
1408 2666 1483 2731 &
1501 2669 1780 2731 cruentae
1799 2658 2136 2732 fluitabant
2157 2714 2176 2747 ‚
2198 2658 2349 2731 cum

180 2754 472 2828 vit‘ltoriae
503 2782 641 2827 nox
680 2756 1044 2828 interceffit.
1107 2759 1358 2826 Eximia
1390 2778 1476 2826 eo
1511 2757 1623 2825 die
1637 2758 2029 2825 Batavorum
2054 2759 2128 2822 ὅ(
2148 2759 2348 2825 virtus

183 2856 266 2920 δε
284 2850 544 2921 fortuna
567 2849 690 2922 fnit
712 2905 731 2937 ‚
780 2851 996 2922 multis
1023 2850 1301 2922 hostium
1337 2851 1696 2920 interemtis
1718 2899 1739 2932 ‚
1775 2867 1859 2917 ex
1880 2846 2028 2943 ipfis
2047 2851 2154 2918 vix
2171 2871 2351 2943 quo-

179 2955 380 3041 quam
400 2999 419 3032 ‚
446 2945 562 3016 nifi
583 2966 753 3040 quos
773 2945 1004 3043 praedae
1020 2945 1284 3018 aviditas
1307 2942 1614 3014 contadiu‘
1636 2943 1811 3014 navis
1831 2938 2115 3012 ardentis
2136 2966 2259 3013 una
2281 2948 2349 3015 in

178 3044 527 3140 pernitiem
551 3040 802 3112 tulerat.
852 3042 1053 3111 Mane
1075 3039 1338 3139 postero
1357 3041 1534 3119 navis
1554 3059 1679 3106 una
1698 3089 1717 3122 ,
1739 3058 1888 3131 quae
1907 3039 2187 3108 maxime
2205 3037 2350 3111 vul-

174 3155 401 3227 perata
417 3190 437 3218 ,
505 3139 676 3205 aucis
691 3133 1025 3208 veestorum
1048 3135 1306 3231 reliquis
1328 3134 1626 3232 apparuit
1644 3184 1665 3216 ‚
1683 3131 1819 3202 haec
1839 3143 2110 3227 quoque
2128 3129 2350 3204 dedita

175 3227 296 3300 est.
353 3230 457 3298 Re
487 3232 652 3323 iquae
690 3230 772 3299 ad
813 3228 1153 3301 stationem
1193 3227 1536 3306 redierant.
1600 3227 1892 3322 Cupiens
1932 3226 2044 3296 has
2073 3249 2346 3324 quoque

123 3373 131 3377 »
178 3345 609 3419 corrumpere
654 3323 1013 3395 Matelifius
1035 3382 1058 3408 ,
1103 3343 1176 3395 ut
1206 3322 1495 3421 praeclari
1529 3326 1747 3417 operis
1780 3319 2090 3391 summam
2131 3320 2347 3394 ablol-

176 3439 388 3504 vetet,
411 3438 587 3486 metu
604 3417 974 3488 tardabatur
992 3473 1012 3505 ‚
1037 3441 1116 3490 ne
1132 3439 1265 3490 tam
1287 3420 1665 3514 propinquo
1685 3415 1907 3486 littore
1926 3413 2135 3488 fundo
2148 3415 2346 3489 semet

176 3514 320 3608 iple
345 3509 642 3583 illideret.
702 3518 842 3584 Hac
865 3519 930 3585 in
950 3513 1414 3584 deliberatione
1432 3519 1582 3581 ‘cum
1605 3512 1742 3582 dies
1768 3508 2028 3581 haefiffet
2048 3509 2303 3606 aliquos
2323 3535 2348 3600 “,

174 3605 360 3676 videt
396 3628 552 3676 ecce
592 3604 764 3677 ultro
804 3608 1255 3680 Lufitanorum
1293 3604 1588 3677 manibus
1628 3605 1814 3702 quod
1846 3605 2169 3700 reliquum
2199 3606 2350 3702 ipfia

182 3720 322 3768 erat
358 3706 611 3771 navium
652 3703 908 3773 incendi
942 3755 963 3788 ‚
1010 3701 1372 3798 fruiturque
1410 3700 1591 3771 laetns
1611 3698 1804 3771 infimi
1831 3703 2089 3795 pavoris
2108 3698 2352 3797 speeta-

181 3792 360 3865 cu10.
429 3794 748 3892 Captivos
784 3820 957 3892 quos
995 3796 1272 3868 habebat
1295 3852 1318 3880 ,
1365 3791 1706 3892 Alphonso
1729 3792 2046 3866 Castrenfi
2064 3795 2303 3869 remifit
2321 3848 2346 3883 ‚

181 3887 586 3992 'primoribus
613 3889 863 3962 indicto
883 3894 1096 3987 pretio
1118 3890 1301 3988 quod
1322 3911 1513 3961 nauta
1532 3889 1844 3963 divideret
1869 3941 1888 3974 ‚
1939 3910 2209 3962 caeteros
2229 3891 2348 3962 hac

181 3979 566 4055 conditione
590 4038 609 4071 ‚
642 4007 714 4055 ut
734 3991 920 4083 pauci
940 3984 1203 4057 vicissim
1229 3989 1449 4060 Batavi
1471 3987 1779 4057 Malaccae
1803 4005 1913 4054 aut
1932 3984 2085 4056 alibi
2101 3984 2349 4057 detenti

179 4078 606 4152 redderentur
628 4102 649 4150 ε
683 4081 1031 4177 hostesque
1048 4100 1182 4153 tam
1203 4082 1361 4155 viles
1380 4132 1402 4169 ‚
1423 4098 1533 4153 aut
1548 4076 1699 4153 suos
1722 4101 1854 4154 tam
1870 4101 2062 4166 caros¹
2076 4078 2303 4151 habuit
2325 4117 2351 4165 ,

1209 4228 1212 4232 .
2267 4194 2340 4244 ut
