2900 4628
571 203 706 292 408
1021 195 1685 268 HvGole
1795 196 2323 266 onor-11

281 316 491 388 1601.
568 303 804 381 auxilia
843 299 1190 401 implorare
1220 325 1242 372 ε
1298 304 1509 397 nuntii
1542 303 1903 398 intercepti.
1967 298 2240 374 Geldrae'
2263 324 2348 373 ex
2364 292 2739 400 oppidoss,

249 405 258 414 ’
663 398 993 471 {ficatione
1024 399 1273 493 ignium
1292 397 1430 491 spes
1453 395 1944 467 monstrabatur.
2012 392 2280 468 Miserat
2312 396 2457 467 sane
2477 391 2712 465 Archi·

562 424 699 567 Ξιῖκ
719 491 1026 566 solvendo
1048 485 1639 588 Herenbergensem
1661 487 1918 561 obfidio
1943 543 1961 576 ,
1984 512 2118 561 non
2139 489 2416 565 modicis
2429 513 2574 560 cum
2591 510 2711 558 co-

614 593 692 660 iis
714 621 736 676 3
772 592 852 670 δι,
867 589 1030 658 carri
1054 588 1413 658 vicinorum
1436 587 1504 654 in
1528 583 1657 655 hoc
1685 587 1935 655 retenti.
1999 583 2130 655 Sed
2150 604 2470 656 mutatum
2497 579 2709 653 confi-

561 613 726 754 {ium
757 735 778 771 ,
794 677 901 752 seu
920 685 1073 777 quia
1095 677 1294 768 castra
1311 681 1650 774 impervia,
1669 681 1903 749 eximia
1921 676 2104 749 ducis
2123 699 2259 749 arte
2282 711 2302 762 ;
2340 676 2444 750 seu
2505 676 2608 746 uia
2625 697 2711 748 ex

563 774 675 850 ιιίῐι
708 779 979 847 attinere
1017 774 1147 846 illic
1181 771 1479 847 hostilem
1517 775 1912 858 exercitum,
1943 794 2083 869 quo
2121 771 2371 871 segnius
2608 769 2715 840 ἀι

564 868 1027 954 subveniretur.
1091 866 1224 939 Vbi
1243 863 1477 938 inferni
1501 886 1748 936 meatus
1764 865 1877 937 sub
1904 867 2054 939 valli
2070 888 2255 937 extra
2265 868 2551 960 jacentes
2570 886 2709 962 par-

564 983 702 1036 tem
723 960 1136 1034 successerant
1156 1014 1179 1048 ,
1202 961 1378 1056 jadiu
1395 959 1749 1057 globorum
1778 964 1851 1028 δε
1868 958 2185 1031 ostentata
2206 966 2344 1030 acie
2362 1015 2384 1046 ,
2428 959 2597 1033 velut
2616 957 2713 1027 fa-

567 1057 787 1129 &urus
809 1059 1120 1154 impetum
1142 1109 1161 1141 ,
1202 1057 1549 1127 Mauritius
1567 1052 1851 1128 obsessos
1871 1054 2130 1149 prolicit
2155 1108 2176 1141 ,
2221 1077 2394 1150 quos
2414 1052 2715 1148 frequen-

565 1172 666 1223 tes
687 1150 954 1222 coactos
975 1148 1201 1221 defoffi
1220 1147 1491 1244 pulveris
1513 1148 1816 1221 violentia
1836 1148 2143 1245 diripuit:
2181 1152 2380 1246 parati
2407 1201 2426 1232 ‚
2445 1151 2560 1244 qui
2582 1151 2721 1217 rui-

572 1270 686 1319 nas
702 1265 1095 1344 occuparent
1115 1297 1138 1330 ‚
1183 1243 1404 1313 locum
1442 1262 1705 1313 tenuere
1727 1296 1748 1329 ,
1795 1246 2089 1337 quamvis
2118 1241 2319 1314 bostis
2351 1266 2486 1313 non
2507 1241 2721 1314 multo

570 1339 724 1438 post:
747 1336 1054 1438 regressus
1071 1342 1308 1409 acriter
1327 1336 1752 1408 incumberet.
1823 1340 2011 1408 Brevi
2028 1359 2257 1408 caetera
2286 1340 2540 1410 circum
2571 1360 2722 1407 mu-

572 1438 858 1504 nimenta
892 1431 1229 1503 fimilinrte
1252 1484 1273 1517 ,
1321 1450 1429 1501 aut
1449 1452 1565 1527 per
1592 1435 1723 1504 vim
1763 1452 1949 1527 capta
1975 1485 1996 1516 ,
2045 1451 2386 1531 parsmetu
2422 1426 2672 1501 deserta
2697 1483 2725 1517 ,

571 1527 779 1599 statim
832 1545 911 1595 ue
928 1527 1010 1597 ad
1034 1523 1479 1596 Casseliensem
1502 1546 1760 1623 portam
1783 1524 2043 1596 diredze
2065 1546 2237 1597 trans
2266 1521 2498 1595 fossam
2518 1528 2724 1595 vinea

251 1636 543 1706 madal.
574 1620 689 1693 sub
727 1624 795 1718 ip
821 1643 929 1690 um
951 1620 1182 1719 oppidi
1200 1642 1502 1717 aggerem
1621 1617 2012 1717 rrepserant,
2057 1618 2240 1716 quod
2275 1621 2580 1691 timentes
2600 1618 2727 1689 ob-

250 1720 353 1771 *Ψ
572 1711 704 1788 seffi
726 1769 748 1800 ,
800 1718 875 1784 δε
906 1720 1057 1809 quia
1089 1709 1309 1802 sauciis
1352 1736 1551 1810 comp
1577 1714 1793 1785 uribus
1813 1714 2236 1785 medicamina
2264 1737 2398 1785 non
2424 1711 2731 1813 iuppeoe·

572 1808 728 1884 bant
748 1863 769 1896 ,
817 1806 898 1879 ad
919 1803 1335 1880 conditiones
1353 1817 1587 1881 venere
1608 1862 1630 1895 ,
1674 1829 1759 1878 eo
1786 1811 2092 1879 maturius
2119 1862 2139 1895 ‚
2163 1827 2234 1880 ut
2249 1804 2539 1906 perfugis
2564 1861 2583 1891 ,
2657 1810 2726 1880 ui

570 1903 758 1975 multi
795 1906 1047 1975 inerant
1066 1957 1088 1989 ‚
1136 1901 1393 1974 filatem
1415 1907 1493 1971 &
1523 1900 1858 1973 honestum
1898 1906 2149 1973 caeteris
2180 1907 2423 1973 exitum
2574 1905 2586 1917 ‘
2617 1923 2728 1988 oe-

568 2021 812 2070 rentur.
883 2001 1064 2069 Laeta·
1080 1999 1393 2096 imprimis
1415 1996 1666 2095 populo
1683 1994 2131 2068 Transisalano
2156 1994 2268 2067 ista
2285 1924 2584 2082 ποιῶ,
2607 1999 2729 2091 qui

569 2093 811 2166 tributa
836 2145 857 2178 ,
903 2091 1069 2162 hosti
1093 2091 1394 2162 haaenus
1432 2089 1739 2189 penfitata
1770 2090 2218 2162 excurfionum
2254 2109 2471 2177 metu,
2512 2091 2725 2163 statim

570 2187 855 2260 abnuere
878 2238 899 2272 ,
948 2182 1115 2279 jussis
1136 2189 1364 2255 armari
1386 2233 1407 2272 ,
1459 2185 1631 2258 &ad
1652 2185 1696 2256 fi
1788 2207 1823 2255 a
1857 2207 2243 2256 concurrere
2267 2236 2289 2270 ,
2333 2183 2712 2283 agrestibus.

577 2279 810 2351 Medio
846 2277 1057 2350 mense
1095 2283 1285 2350 Iunio
1305 2298 1527 2376 coepta
1560 2206 1820 2361 obfiffio
1854 2277 1997 2350 Iulii
2018 2276 2150 2350 fine
2179 2281 2426 2362 exitum
2448 2279 2668 2353 habuit
2692 2331 2719 2365 ,

252 2387 322 2446 Bt
353 2384 546 2462 Mursa.
576 2398 726 2444 cum
741 2376 870 2465 jam
891 2373 1180 2446 Ostenda
1198 2375 1500 2445 vicesimo
1525 2377 1600 2444 &
1617 2377 1852 2470 quinto
1885 2373 1993 2445 die
2022 2370 2453 2471 Hispanorum
2478 2373 2729 2448 viribus

574 2485 953 2539 tentaretur.
1027 2468 1158 2539 Sed
1193 2487 1539 2563 antequam
1571 2470 1754 2543 omni
1796 2484 1955 2542 cum·
1980 2472 2270 2540 exercitu
2308 2468 2729 2543 descenderet

577 2563 887 2656 Princeps
912 2614 933 2646 ,
957 2560 1240 2631 Murfiim
1255 2559 1576 2658 oppidum
1599 2615 1619 2646 ,
1649 2561 1963 2633 donatum
1982 2561 2097 2633 fibi
2117 2616 2138 2649 ,
2161 2581 2234 2634 ut
2248 2585 2397 2635 ante
2413 2566 2727 2650 diximus,

574 2658 640 2727 in
668 2652 1052 2751 potestatem
1076 2655 1344 2752 'redegit
1367 2707 1386 2740 ‚
1437 2654 1694 2748 dejecto
1730 2654 1973 2728 imbelli
1993 2654 2196 2729 milite
2217 2711 2239 2744 ,
2276 2679 2474 2753 quem
2494 2650 2728 2729 Cliviae

574 2748 709 2822 dux
728 2748 1108 2845 imposuerat
1136 2802 1157 2835 ,
1205 2748 1379 2821 feudi
1418 2772 1534 2847 per
1556 2749 1880 2825 haeredum
1901 2755 2408 2824 internecionem
2441 2751 2525 2825 ad
2544 2749 2730 2824 stre-

295 2868 506 2934 nam
578 2842 738 2919 verfi
761 2848 1029 2939 nomine
1053 2897 1072 2926 ,
1096 2841 1413 2914 ditionem
1432 2844 1785 2916 vindicans.
1837 2843 1967 2917 Sed
1991 2842 2120 2942 ipse
2138 2866 2369 2919 contra
2387 2846 2607 2917 multis
2628 2848 2732 2917 fi-

256 2941 504 3020 defiripeio.
574 2937 906 3009 cineribus
949 2942 1200 3033 patroni
1240 2940 1372 3008 'ura
1403 2936 1675 3025 violasse
1700 2936 2101 3036 arguebatur.
2167 2938 2457 3011 ostenda
2477 2995 2498 3027 ,
2540 2942 2729 3013 cu'us

575 3057 744 3104 nunc
767 3028 1087 3103 obtidium
1112 2962 1329 3102 muftis
1351 3057 1387 3102 a
1412 3033 1650 3105 saeculis
1668 3031 2070 3104 clariffimut'n
2092 3057 2170 3104 ac
2191 3039 2531 3131 proprium
2655 3055 2732 3107 ut

575 3127 814 3198 bellum
831 3124 1211 3196 meniorabo
1234 3179 1253 3211 ,
1296 3124 1463 3197 inter
1485 3118 1739 3199 Clufitm
1763 3132 1833 3198 «Sc
1853 3128 2277 3223 Neoportum
2302 3129 2732 3227 piscatoribus

573 3222 734 3295 lechi
757 3216 928 3289 (edes
954 3273 975 3306 ‚
1005 3221 1140 3313 jam
1160 3220 1322 3291 olim
1343 3222 1395 3289 F
1397 3221 1663 3291 landrici
1686 3220 1923 3293 littoris
1942 3240 2190 3316 partem
2209 3229 2508 3322 exiguam
2523 3247 2732 3296 occu-

573 3313 2734 3510 {353¹}{321535325222‘133113'}ssziffpssfzass‘zsssse‘ssssssfffflfflffsss

578 3525 741 3575 rant.
814 3463 1162 3596 Postqua'm
1187 3501 1586 3575 Gandavenfi
1611 3527 1766 3598 pace
1798 3526 1845 3572 o
1893 3526 1963 3574 es
2000 3502 2332 3579 Ordinum
2355 3437 2679 3581 invfluere
2702 3559 2729 3593 ,

567 3595 823 3671 aecessit
837 3594 1072 3666 foederi
1092 3650 1113 3683 ,
1137 3594 1628 3690 constanterque
1647 3596 1828 3671 adhae
1879 3618 1930 3684 t,
1953 3601 2030 3670 δε
2049 3621 2207 3669 mox
2232 3599 2730 3685 Panuenfis,ca·

620 3710 693 3759 to
713 3694 1074 3790 Neoporto
1094 3716 1167 3762 ac
1190 3691 1573 3776 Dunkerka‚
1589 3690 1891 3764 terribilis
1909 3690 2035 3765 illic
2052 3691 2283 3766 obfidii
2306 3699 2552 3782 irritus,
2569 3695 2726 3768 dein

634 3818 640 3829 ·
671 3806 846 3856 mota
865 3793 1104 3882 irrupta
1130 3786 1253 3857 ‘am
1275 3796 1458 3882 part'e
1475 3785 1706 3883 oppidi
1728 3783 1935 3882 pulsus
1959 3839 1978 3872 ‚
1999 3783 2231 3857 famam
2253 3787 2565 3864 addidere
2581 3844 2603 3877 ,
2648 3794 2727 3861 δε

339 3892 357 3925 ¹
421 3894 440 3905 ‘
571 3900 791 3963 cunum
827 3809 1199 3964 muniendi,
1236 3896 1381 3975 quae
1400 3881 1584 3950 audin
1603 3903 1683 3949 ex
1716 3904 1855 3977 quo
1877 3878 2063 3953 Clusa
2079 3878 2293 3952 amissa
2317 3936 2337 3968 ‚
2380 3887 2457 3953 &
2488 3903 2729 3981 preter

571 3972 930 4045 Ostendam
951 3974 1104 4045 nihil
1124 3998 1259 4042 orae
1281 3974 1630 4045 Flandri‘cae
1651 3975 1987 4070 reliquum.
2032 3974 2242 4047 Frons
2262 3979 2497 4075 oppidi
2514 3985 2581 4050 iu
2604 3981 2730 4051 Se-

567 4071 1006 4171 ptentrionem
1026 4071 1399 4169 prominens
1420 4090 1648 4171 aperto
1670 4071 1943 4146 Oceano
1964 4063 2261 4169 pulsatur.
2299 4074 2731 4173 Laevo‚quod

2646 4192 2720 4243 tu
