2900 4628
406 219 1444 335 Htsro·arAavM
1525 259 1766 334 tta.
1850 260 1991 332 tx.
2160 277 2295 357 403

156 379 226 446 δε
248 375 391 472 post
403 377 574 446 aclas·
606 394 647 443 e
680 374 906 445 littore
941 373 1291 445 Armorico
1314 373 1560 470 praedas
1584 429 1604 462 ‚
1650 377 1869 447 multis
1906 391 2068 448 mox
2084 393 2306 449 nauta·-
2377 379 2594 458 1600:

151 493 286 540 rum
312 488 474 569 penu
485 474 573 538 ria
593 462 897 538 absui'ntis
919 522 940 555 ‚
976 475 1052 536 &
1070 467 1202 565 iple
1225 471 1467 563 interiit
1484 468 1722 540 morbo
1743 522 1762 555 ,
1798 493 1879 540 an
1904 475 2054 567 quia
2075 471 2311 569 Hispa-

148 571 242 634 nis
260 563 598 635 fastidituS.
648 563 904 641 Contra
921 564 1313 658 Spinolanos
1337 566 1609 657 remiges
1628 616 1648 649 ,
1673 581 1743 631 ut
1762 570 1943 633 omni
1966 563 2143 634 coelo
2163 584 2304 636 cet·-
2346 568 2511 634 navic
2537 565 2642 628 ta:

146 677 383 730 taretur
410 712 428 743 ,
452 661 628 730 navis
645 658 838 754 longa
858 708 880 740 ‚
905 662 1203 754 ignotum
1221 674 1369 725 ante
1392 656 1642 732 Batavis
1661 710 1683 745 ,
1702 657 2101 729 Dordrechti
2120 655 2307 729 strui·
2335 645 2570 768 ᾗέτῗῖ·

148 773 247 822 tur
272 806 289 836 ,
326 773 553 821 ornata
593 753 905 821 machinis
922 752 1203 844 virisque
1245 774 1265 819 :
1304 753 1584 846 primum
1606 752 1902 823 mercede
1920 753 2303 836 conductis,
2322 732 2559 853 ficem.
2632 791 2640 798 ·

147 846 292 916 inde
316 847 409 915 ob
432 841 718 914 facinora
741 844 1055 915 damnatis
1080 845 1374 915 utebatur
1395 875 1419 928 ς
1462 848 1613 940 quia
1639 844 1816 916 bello
1835 867 2064 945 captos
2079 867 2163 917 eo
2182 843 2304 917 ser·
2414 931 2419 938 ,

149 943 280 1012 vitii
300 941 559 1035 adigere
583 962 732 1009 mos
752 937 1129 1008 Christianae
1165 941 1417 1033 pietatis
1458 960 1592 1008 non
1636 937 1899 1012 sinebat.
1948 935 2359 1024 Probatum'·
2468 1005 2483 1028 ,

148 1038 418 1130 egregiis
440 1031 812 1101 lucceffibus
829 1030 1158 1101 confilium
1184 1056 1202 1099 ε
1244 1053 1389 1101 nam
1411 1029 1608 1102 strato
1633 1038 1789 1103 mari
1809 1057 1935 1104 una
1956 1033 2167 1132 plures
2190 1032 2310 1105 ho·

151 1127 335 1198 stium
361 1127 607 1196 invecta
631 1129 694 1196 in
722 1125 938 1221 fugam
955 1129 1111 1220 egit,
1139 1148 1285 1195 rece
1335 1146 1406 1197 to
1432 1129 1694 1222 navigio
1714 1127 1898 1222 quod
1914 1125 2310 1199 succinctum
2418 1193 2423 1198 ,

150 1219 491 1292 serebatur.
543 1222 851 1313 Brevique
869 1241 953 1288 eo
969 1221 1164 1291 crevit
1183 1243 1262 1288 au
1310 1223 1444 1290 acia
1470 1273 1489 1304 ‚
1531 1239 1602 1291 ut
1621 1274 1642 1306 ,
1667 1226 1884 1318 paucis
1904 1220 2201 1294 lintribus
2220 1220 2310 1291 as-

149 1312 406 1399 sumtis,
450 1313 915 1404 &leeffassnoste
935 1368 959 1402 ‚
996 1317 1213 1388 Batavi
1248 1318 1520 1410 remiges
1541 1317 1708 1385 inter
1731 1313 2089 1386 Brabantiae
2110 1313 2303 1387 Flan-
2448 1383 2453 1386 .

149 1410 428 1508 driaeque
445 1407 685 1479 castella
706 1405 992 1478 Scaldim
1013 1401 1261 1480 filentio
1285 1393 1562 1481 subvecti
1585 1467 1603 1491 ,
1646 1409 1759 1482 ubi
1790 1406 1903 1480 sub
1924 1410 2293 1506 Antverpiae
2332 1421 2523 1483 nand
2534 1417 2630 1499 snb

146 1510 384 1573 moenia
404 1519 800 1599 penetrarant
825 1555 843 1586 ,
876 1527 1101 1574 navem
1118 1503 1322 1576 tribus
1348 1502 1707 1601 surgentem
1720 1496 2160 1574 machinarum
2181 1525 2293 1572 or-
2322 1491 2429 1573 Μ’
2446 1499 2584 1582 (¹¹⁸⁴
2626 1567 2633 1575 .

141 1595 400 1668 dinibus
425 1648 445 1680 ,
491 1602 567 1664 &
598 1595 880 1669 minores
921 1597 1162 1694 septem
1187 1652 1207 1683 ,
1246 1603 1523 1692 primum
1553 1601 1808 1692 ignoti,
1856 1597 2009 1668 inde
2028 1599 2291 1696 pervim
2324 1580 2629 1697 mg?

146 1696 220 1760 δι
243 1695 790 1789 propugnantium
826 1692 1036 1760 caedes
1085 1695 1433 1788 rapuerint.
1486 1691 1713 1761 Excita
1732 1691 2013 1762 clamore
2026 1693 2246 1764 civitas
2269 1738 2290 1775 ‚
2310 1710 2469 1788 sliam
2501 1724 2594 1783 aaa,

142 1788 214 1856 in
248 1789 485 1855 moenia
505 1777 936 1881 procurren53
975 1782 1286 1880 spectavit}
1310 1784 1622 1855 damnum
1662 1781 1840 1856 suum
1880 1807 1958 1856 ac
2009 1783 2292 1856 dedecus
2326 1801 2414 1839 ves
2461 1797 2542 1838 r·-
2764 1817 2789 1862 f

137 1877 339 1951 inulta
387 1901 406 1947 t
465 1901 610 1948 nam
630 1878 906 1960 &stores
947 1875 1144 1949 securi
1190 1877 1530 1973 praedaque
1567 1879 1778 1950 onusti
1809 1878 2025 1948 abiere
2046 1931 2066 1964 ,
2114 1877 2295 1975 post-
2578 1899 2584 1907 ·

139 1995 338 2068 quam
370 1991 601 2043 notum
620 1979 877 2042 cat-'men
905 2025 925 2058 ,
966 1977 1031 2043 in
1071 1972 1324 2043 laudem
1365 1973 1698 2044 Wilb'elmi
1741 1969 2298 2043 Araufionenfium

141 2069 452 2164 principis
484 2119 507 2153 ‚
553 2089 689 2136 non
718 2065 845 2136 fine
876 2061 1107 2149 aflectu
1130 2070 1365 2139 civium
1393 2087 1608 2142 vetera
1643 2065 2120 2137 recordantium
2143 2064 2298 2136 tuba

138 2163 579 2231 occinuerant.
626 2160 872 2256 Magna
893 2159 1031 2253 spes
1051 2158 1201 2231 belli
1232 2159 1463 2233 Gallici
1485 2162 1757 2245 Batavos
1795 2157 1911 2231 sub
1943 2163 2093 2242 anni
2111 2160 2297 2228 hu‘us
2329 2153 2516 2215 B‘ffl‘m
2547 2156 2627 2214 3¹³

139 2253 340 2325 finem
359 2254 751 2351 impleverat,
773 2257 1065 2340 Henrico
1088 2258 1152 2326 in
1173 2253 1536 2351 sabaudum
1560 2254 1835 2327 ducente
1860 2306 1880 2342 ‚
1905 2258 2046 2351 qui,
2065 2256 2153 2324 Hi
2182 2278 2295 2353 pa·
2329 2229 2623 2371 ggffl

136 2372 234 2420 no
257 2344 550 2445 iusceptis
572 2371 653 2419 ex
673 2348 893 2420 sorore
914 2349 1103 2444 ipfius
1123 2346 1341 2420 liberis
1359 2349 1662 2445 illigatus,
1687 2350 1974 2421 nihilnifi
1999 2349 2115 2424 illo
2132 2372 2297 2427 con·
2328 2372 2485 2435 ami

136 2441 276 2515 scio
297 2439 548 2513 ausurus
571 2441 973 2513 credebatur.
1027 2438 1231 2514 Causa
1267 2466 1598 2514 armorum
1641 2444 1888 2517 Salucia
1927 2447 1994 2515 in
2016 2443 2297 2541 Alpibus
2480 2439 2489 2449 ’

137 2540 355 2632 regio,
376 2536 865 2606 Marchionatus
883 2539 1100 2622 ritule,
1172 2561 1315 2608 uam
1333 2558 1521 2633 aegrae
1546 2560 1662 2632 per
1681 2541 1969 2609 internos
1985 2538 2299 2608 tumultu&

140 2632 371 2705 Galliae
396 2629 722 2706 Sabaudus
743 2629 1087 2701 ademerat.
1194 2634 1448 2701 ontifex
1485 2632 1825 2722 Romanus
1867 2654 2027 2727 paee
2065 2630 2305 2702 Verbi·-

135 2728 330 2799 niana
353 2722 550 2795 lectus
567 2723 805 2793 arbiter
840 2724 1134 2797 trahebat
1164 2726 1482 2819 judicium
1503 2778 1524 2812 ,
1558 2723 1773 2796 donec
1813 2725 2084 2798 instante
2101 2723 2298 2799 Gallo

139 2818 476 2893 sabaudus
498 2814 627 2913 ipse
648 2817 919 2905 Parifios
951 2818 1032 2887 ad
1071 2820 1321 2916 Regem
1363 2824 1579 2904 venit,
1630 2823 1704 2888 δε
1744 2822 2088 2917 ptaecipuis
2106 2821 2300 2890 mini·
2330 2840 2367 2871 ·=

136 2913 418 2986 strorum
437 2910 601 2995 clam
643 2916 854 3008 pretio
876 2915 1240 3006 corruptis,
1288 2910 1494 3008 ipsum
1533 2911 1955 3008 obsequiisac
2022 2908 2301 2984 romiffis

138 3006 483 3103 mitigabat
527 3026 731 3099 τρυε
750 3007 859 3076 ubi
898 3005 982 3077 ad
1013 3006 1259 3076 ὀίἃιιω
1279 3007 1454 3076 diem
1477 3028 1611 3075 non
1628 3028 1898 3078 evenere
1921 3059 1942 3093 ‚
1974 2936 2301 3078 fretiricus

139 3100 369 3172 indicit
388 3098 624 3169 bellum
650 3152 669 3185 ,
694 3100 1013 3196 urbesque
1035 3104 1107 3171 &
1123 3097 1372 3169 castella
1392 3094 1832 3197 Allobrogum
1846 3103 1909 3172 vi
1927 3120 2255 3196 expugnat
2278 3122 2311 3169 ε

141 3195 446 3265 Fontano
469 3197 724 3263 interim
747 3197 843 3287 (is
865 3195 997 3264 dux
1019 3191 1350 3289 quondam
1369 3197 1436 3262 in
1459 3191 1721 3289 Belgica
1746 3247 1766 3279 ‚
1788 3214 1945 3263 tunc
1962 3193 2302 3266 Mediola-

142 3313 300 3365 num
318 3286 623 3383 regebat)
646 3310 909 3384 magnas
944 3305 1223 3382 cogente
1243 3289 1467 3383 copias
1498 3338 1516 3368 ,
1558 3287 1794 3383 quibus
1814 3286 2054 3366 bellum
2071 3281 2303 3385 Hispa?-

138 3385 471 3478 noagitari
492 3383 668 3454 [talia
691 3434 711 3466 ,
734 3388 808 3450 δι
827 3404 1055 3451 omnes
1078 3384 1321 3450 circum
1344 3378 1571 3477 populi
1591 3378 2084 3478 suspicabantur:
2108 3387 2300 3478 quip-

140 3501 228 3573 pe
255 3482 330 3545 &
366 3474 604 3560 infidiae
645 3475 793 3546 hinc
834 3480 902 3546 in
944 3476 1343 3545 Venetorum
1359 3495 1541 3546 arces
1564 3529 1584 3561 ‚
1632 3474 1869 3547 indein
1887 3476 2117 3547 urbem
2137 3479 2294 3547 Me·-

135 3571 601 3643 diomatricum
622 3567 1062 3667 erumpebant.
1149 3567 1279 3639 Sed
1313 3590 1488 3638 arma
1519 3568 1756 3666 Alpina
1786 3592 1911 3666 pax
1938 3574 2064 3641 cita
2094 3594 2289 3643 exce·-
2327 3581 2439 3646 σίου
2465 3583 2521 3645 ἄη
2614 3591 2621 3597 ·

135 3669 239 3760 pit
261 3719 282 3751 ‚
328 3686 655 3737 convento
667 3665 699 3750 ‘,
747 3688 820 3737 ut
854 3685 979 3761 pro
1002 3661 1250 3737 Salacia
1270 3660 1519 3734 Breffiae
1555 3667 1899 3735 comitatus
1922 3671 1985 3737 in
2007 3666 2292 3765 Segufia-
2319 3656 2494 3720 ΜΛ*
2510 3664 2622 3723 ‘’¹¹''-

135 3783 387 3855 norum·
401 3755 639 3849 finibus
660 3804 690 3846 3
734 3763 802 3829 in
822 3782 960 3855 quo
984 3781 1150 3866 pons
1166 3756 1474 3832 Rhodani
1497 3810 1519 3842 ‚
1561 3757 1759 3830 Gallo
1774 3761 2160 3846 traderetur,
2179 3761 2293 3835 adn

134 3850 281 3922 dita
302 3852 688 3948 exceptione
710 3905 732 3939 ,
769 3875 840 3923 ut
876 3858 987 3925 Hii
1074 3875 1164 3922 no
1200 3857 1426 3949 copias
1459 3855 1528 3924 iu
1566 3852 1900 3948 Sequanos
1935 3855 2301 3955 Belgicam-

132 3969 275 4049 que
297 3967 472 4017 trans
504 3969 654 4019 eum
687 3967 959 4046 pontem
1027 3968 1216 4018 ucere
1250 3948 1496 4017 liceret.
1548 3948 1694 4016 Rex
1710 3951 2031 4021 Henricus
2050 4005 2071 4038 ‚
2107 3970 2180 4020 ut
2200 3972 2299 4021 re-

125 4062 347 4137 gnum
374 4093 395 4125 ‚
445 4040 591 4137 post
627 4064 851 4140 pacem
886 4050 1213 4114 eriternam
1237 4093 1260 4126 ‚
1308 4044 1385 4109 &
1419 4043 1590 4111 intus
1622 4040 2013 4139 religionum
2050 4030 2303 4116 diffidia'

123 4134 611 4235 aequislegibus
630 4143 908 4211 coercita
929 4191 950 4230 ,
998 4156 1181 4208 certo
1214 4131 1805 4299 hgoedestabssiret
1828 4191 1850 4227 ,
1892 4163 1933 4212 a
1975 4135 2303 4301 Pot‘tltiifice

383 4252 398 4261 “
1344 4249 1382 4299 c
1427 4250 1475 4301 2.
2157 4251 2305 4303 vor-
