2900 4628
475 121 1521 192 H-ISToatAavM
1597 123 2015 193 L18.x.
2130 121 2298 216 '411

161 220 251 295 lat
283 276 306 310 ‚
347 230 618 323 'aquatis
661 232 955 313 caeteris,
999 253 1161 301 tinus
1201 229 1485 300 tumulus
1523 231 1885 320 eminebat,
1931 255 2127 328 quem
2154 256 2307 327 pro-
2369 240 2496 310 160
2512 263 2570 310 t.

162 322 518 416 pugnacula
553 323 689 394 duo
720 374 743 407 ‚
786 321 1060 393 alterum
1098 323 1276 395 alteri
1299 321 1359 393 su
1419 323 1767 410 ¹radditum
1793 377 1814 411 ,
1861 325 2304 397 coronabant:

161 411 412 512 aliaque
444 440 490 484 o
576 439 719 485 rum
749 420 917 486 circa
942 468 964 501 ,
1012 420 1163 512 quia
1183 347 1445 514 oppidie
1442 416 1625 513 quod
1646 421 1856 492 minus
1874 417 2133 488 firmum
2160 416 2308 489 inde

159 439 720 605 propugnaffiitur.
785 512 937 579 Huc
970 530 1072 581 tot
1111 509 1317 581 adach
1338 509 1423 581 ab
1444 511 1732 583 hostibus
1752 512 1984 609 globi,
2033 532 2104 581 ut
2126 512 2310 581 collis

159 620 343 672 totus
377 614 557 674 terro
595 607 872 698 rigeret„
920 627 1037 674 nec
1073 625 1287 677 tamen
1324 602 1655 676 immenso
1676 603 1902 676 sumtui
1939 628 2049 703 par
2068 601 2312 676 fruitus

157 691 283 765 fuit
303 719 321 764 z
346 720 495 768 nam
514 696 762 788 dejecta
779 695 966 769 facile
987 699 1440 795 reparabantur
1456 752 1481 794 ,
1506 703 1580 769 δε
1603 704 1876 770 mortuis
1895 721 2000 770 aut
2023 699 2315 770 vuluera-

157 792 242 860 tis
277 787 699 863 succedebant
739 812 1056 864 recentes,
1103 797 1282 863 Inter
1298 816 1414 862 eos
1434 846 1457 879 ‚
1483 815 1653 890 quos
1670 791 1872 884 justus
1887 790 2307 878 absumserat,

145 882 403 976 juvenis
422 883 867 955 Castilionaeus
888 882 1009 955 fuit
1032 938 1053 971 ,
1100 886 1440 958 Gallorum
1476 889 1770 958 tribunus
1794 939 1816 972 ,
1862 889 2106 983 egregii
2124 885 2309 956 ducis

158 977 508 1050 Coloniaci
531 1001 763 1074 nepos,
786 1001 905 1050 nec
923 981 1053 1076 iple
1073 980 1156 1050 ab
1168 985 1336 1053 avita
1363 983 1597 1051 virtute
1625 978 2044 1076 degenerans.
2094 975 2308 1074 Ipsum

153 1093 429 1236 guoque
454 1072 720 1143 Verium
747 1124 769 1157 ,
815 1072 1099 1143 curando
1121 1075 1362 1147 vulneri
1392 1071 1704 1171 egressum
1724 1069 1981 1180 oppido
2003 1125 2024 1161 ‚
2072 1072 2312 1143 Zelan-

206 1169 264 1235 ia
301 1163 627 1242 refovit&
655 1165 915 1237 remifit.
985 1169 1136 1236 Nec
1170 1168 1392 1239 talium
1428 1168 1746 1238 malorum
1774 1169 2076 1240 immunis
2093 1161 2309 1237 obses:
2407 1190 2412 1194 ·

149 1252 263 1329 sor
291 1282 319 1327 ε
368 1255 473 1329 sed
518 1282 758 1355 paucos
795 1262 957 1330 intra
990 1258 1126 1331 dics
1149 1260 1470 1333 Catricius
1495 1264 1567 1331 &
1587 1263 2082 1344 Bracotnontius
2107 1258 2312 1331 tribu-

152 1355 224 1423 ni
260 1351 571 1450 cecidere.
641 1354 763 1425 Per
796 1352 1113 1451 oppidum
1138 1409 1158 1443 ,
1204 1355 1344 1452 quo
1366 1363 1576 1427 minus
1599 1355 1781 1453 globi
1808 1357 2100 1452 &ignita
2127 1355 2307 1447 jacu-

147 1443 214 1517 la
254 1449 671 1534 timerentur,
719 1447 972 1546 aggesta
1015 1453 1328 1544 parietum
1365 1455 1429 1520 in
1466 1451 1715 1521 morem
1735 1446 1920 1523 densa
1943 1447 2162 1546 paffim
2186 1449 2303 1519 hu-

143 1562 320 1626 mus.
392 1540 522 1612 Sed
547 1564 630 1610 ne
649 1565 1040 1613 maritimum
1058 1541 1289 1614 vallum
1309 1542 1509 1615 hostis
1528 1561 1938 1639 oppugnaret
1955 1594 1977 1629 ,
2025 1547 2301 1640 propin-

202 1637 303 1704 uis
327 1633 466 1729 jam
500 1630 883 1706 foffionibus
910 1688 931 1721 ‚
978 1639 1185 1727 major
1221 1658 1487 1710 metus-1
1559 1642 1785 1731 ltaque
1806 1659 2003 1733 agger
2019 1636 2302 1708 arcendo

239 1726 423 1802 uitus
457 1732 619 1799 mari
647 1728 967 1824 disjicitur
990 1782 1011 1815 ,
1056 1727 1324 1826 ancipiti
1358 1729 1670 1814 confili03
1716 1728 1822 1801 sed
1860 1750 2119 1801 eventus
2141 1753 2300 1801 con·

144 1842 252 1892 tra
274 1825 387 1891 Hil
474 1845 598 1892 nos
617 1818 746 1893 fuit
765 1875 788 1910 ‚
833 1845 1115 1917 quorum
1141 1821 1449 1896 foffiones
1468 1823 1888 1920 vimineaeque
1908 1844 2114 1893 turres
2130 1878 2151 1904 ‚
2189 1825 2303 1893 ubi

143 1920 328 1989 venti
412 1914 592 1986 uetus
613 1919 703 1986 im
754 1917 996 1986 ulerant
1020 1970 1041 2003 ,
1085 1916 1284 2015 longe
1300 1915 1734 1990 mersabantur
1756 1969 1778 2002 ‚
1829 1915 2069 1987 coaetis
2090 1915 2307 1985 custo-

141 2009 346 2082 dibus
375 2012 441 2080 in
462 2009 716 2081 tribuna
743 2013 801 2080 ia
818 2010 1109 2108 refugere
1140 2064 1162 2096 ‚
1208 2035 1353 2107 quae
1371 2005 1649 2083 ferendis
1669 2011 1978 2083 machinis
1986 2011 2170 2105 juxta
2187 2033 2307 2079 cx-

140 2104 455 2175 tulerant.
524 2105 636 2180 Sic
670 2101 1005 2175 admiffum
1049 2127 1224 2177 mare
1267 2103 1624 2178 Ostendam
1663 2104 1873 2175 insula:
1916 2105 2301 2200 inspeciem

138 2195 592 2270 circumdabat
617 2195 648 2267 ἰ
697 2198 952 2296 oppido
986 2221 1256 2295 quoque
1289 2197 1608 2271 interdum
1635 2221 1876 2270 nocens
1900 2251 1921 2285 ,
1943 2215 1948 2220 “
1970 2197 2077 2270 sed
2098 2198 2253 2293 palis
2278 2251 2300 2284 ‚

136 2294 313 2366 saxis
337 2345 358 2378 ,
395 2296 483 2363 ὗε
521 2296 704 2365 omni
741 2295 1196 2364 maritimarum
1230 2297 1518 2394 gentium
1541 2296 1801 2391 ingenio
1820 2297 1910 2364 vis
1927 2290 2160 2363 stimma
2181 2318 2301 2363 un-

133 2388 377 2475 darum
409 2390 476 2459 in
495 2385 741 2458 hostem
765 2386 1235 2485 dispellebatur.
1307 2392 1619 2482 Qatuor
1637 2386 1879 2481 menses
1898 2386 2115 2458 abiere
2137 2389 2302 2457 inter
2378 2378 2395 2387 ’
2452 2372 2459 2379 ’

136 2478 486 2583 prosperas
521 2486 889 2582 eruptiones
912 2535 933 2569 ,
968 2487 1058 2553 ’δε
1090 2504 1314 2554 contra
1351 2482 1678 2555 moenibus
1716 2478 2141 2554 affultantium
2162 2485 2302 2550 inass

135 2600 259 2649 nes
282 2581 558 2671 impetus
582 2629 604 2661 ,
650 2576 1002 2671 crebraque
1018 2574 1261 2647 transsu
1312 2581 1407 2663 ia,
1444 2581 1521 2648 δε
1541 2579 1833 2673 captivos
1853 2581 1966 2671 qui
1995 2578 2171 2646 vanis
2193 2599 2304 2643 ru-

137 2668 448 2744 moribus
487 2691 697 2765 partes
733 2693 1033 2767 utrasque
1071 2672 1264 2767 imple
1311 2691 1445 2748 ant.
1512 2671 1828 2742 Detechis
1854 2669 2299 2768 &'proditor,'

137 2772 262 2864 qui
284 2761 494 2836 bellici
526 2762 798 2859 pulveris
818 2764 1181 2836 incendium
1205 2765 1369 2836 hosti
1392 2763 1792 2861 promiserat.
1840 2767 1980 2858 1p1e
2001 2762 2305 2853 Albertus

137 2857 475 2935 interdum
503 2864 575 2929 δι
597 2856 858 2930 Isabella
884 2912 906 2945 ‚
928 2858 1091 2930 tardi
1117 2857 1357 2931 laboris
1372 2858 1761 2953 inspeetores
1784 2856 2048 2927 aderant
2067 2908 2089 2941 ,
2107 2856 2304 2926 alacri

137 2953 356 3028 milite
371 2949 772 3045 ducibusque
793 2955 859 3023 in
876 2955 1235 3049 principum
1252 2951 1625 3050 conspeetu,
1646 2949 1750 3022 alii
1771 2947 1922 3020 farei
1930 2954 2098 3020 mina
2121 2948 2307 3044 plura.

137 3045 366 3135 vasum
402 3048 467 3116 in
487 3070 740 3117 morem
759 3044 1027 3121 orbibus
1043 3046 1429 3118 conneQere
1455 3096 1477 3128 ‚
1528 3048 1601 3114 ὅ(
1624 3046 1719 3116 his
1736 3066 1873 3138 quo
1892 3043 2120 3115 liberet
2142 3066 2302 3138 pro—

141 3143 388 3215 volutis
417 3135 689 3211 solidare
707 3140 1229 3226 humentia,nova
1249 3137 1496 3210 castella
1514 3137 1833 3210 veteribus
1851 3136 2087 3208 addere
2106 3160 2123 3204 ε
2144 3160 2299 3299 ἓως

139 3234 213 3310 lo
311 3231 716 3304 ediffidentia
733 3256 1004 3330 operum
1026 3254 1133 3303 aut
1152 3237 1396 3306 viarum
1415 3254 1712 3303 connexu
1724 3229 2141 3327 jungere:.fo
2193 3254 2297 3298 am

141 3258 368 3400 mgfi'ti
405 3351 547 3424 quo
582 3328 810 3398 cunita
848 3326 1092 3398 facilius
1127 3330 1358 3423 Brugis
1382 3325 1817 3398 adventarent.
1885 3328 1974 3393 At
1998 3324 2296 3398 foederati

141 3421 439 3497 Ordines
459 3421 567 3522 spe
586 3419 955 3493 invadendae
974 3419 1285 3495 Flandriae
1304 3416 1545 3513 amissa,
1568 3418 1712 3517 post
1732 3421 1997 3490 Bercam
2016 3444 2087 3489 ca
2136 3439 2296 3505 tam,

142 3513 396 3616 pertaefi
435 3520 891 3612 erogationum
933 3520 1008 3585 &
1052 3511 1354 3586 Ostendae
1395 3518 1671 3610 primum
1695 3516 1921 3589 intenti
1948 3566 1969 3599 ‚
2016 3538 2069 3582 ae
2125 3536 2294 3583 atem

141 3610 552 3707 multumque
595 3614 880 3689 autumni
916 3607 1228 3706 nihilipfi
1269 3609 1607 3682 molientes
1643 3607 2078 3681 transmisere.
2165 3609 2295 3678 Vbi

144 3706 315 3776 trahi
349 3701 670 3777 oblidium
711 3757 731 3789 ‚
781 3726 900 3777 nec
936 3722 1066 3772 tam
1104 3702 1457 3799 pericnlum
1498 3701 2027 3796 Ostendaequam
2058 3698 2294 3775 sumtus

141 3799 457 3875 immanes
499 3798 877 3872 verebantur
913 3849 933 3882 ‚
1000 3797 1402 3895 propositum
1441 3796 1689 3869 hostem
1728 3795 2064 3872 detrahere
2102 3849 2123 3882 ,
2185 3817 2300 3868 aut
2382 3878 2389 3883 ,

140 3889 189 3971 fi
230 3891 533 3988 perstaret
557 3944 579 3976 ‚
627 3891 943 3987 neglectas
965 3893 1032 3963 in
1059 3913 1268 3988 partes
1290 3891 1683 3963 incumbere.
1754 3892 2018 3987 Diuque
2041 3890 2298 3962 dubita-

141 3984 220 4060 to
247 4036 267 4074 ,
304 3989 449 4086 quis
469 3985 650 4060 locus
670 3984 925 4066 facilem
947 3985 1281 4062 victoriam
1309 4038 1329 4076 ,
1348 4007 1469 4058 nec
1491 3983 1619 4060 sine
1641 4006 1878 4084 magno
1902 3984 2006 4057 usu
2030 4041 2049 4078 ,
2070 3986 2296 4147 ‘'31⁰‘'

1864 4116 1875 4121 ·
2196 4100 2302 4151 va-

1628 4194 1663 4205 ...-
