2900 4628
601 206 737 298 316
894 195 1675 275 .HvGON18
1791 195 2334 284 GRon

258 346 263 355 ·
335 314 536 409 1598.
591 309 795 383 causae
822 314 898 383 δε
932 308 1284 384 discrimini
1321 314 1656 409 ingerere,
1702 308 1877 383 hand
1911 308 2124 389 dicam
2144 297 2602 378 immisericors
2617 294 2747 370 sen*
2813 328 2818 393 Ἀ

593 411 796 478 tentia
821 406 914 478 est
952 460 974 493 ,
1019 403 1275 480 adversa
1303 406 1682 478 humanitati
1720 457 1741 492 ,
1788 400 2039 477 adversi
2121 403 2458 496 rincipum
2495 396 2709 493 gloriae
2730 441 2750 477 ³
2817 398 2818 461 ἶ

596 499 837 597 quibus
873 498 1058 597 quod
1097 504 1452 572 maximum
1481 499 1576 572 est
1607 498 1887 585 tollunt,
1933 502 2048 594 qui
2198 491 2457 565 efacere
2474 512 2606 561 non
2729 524 2757 541 ·
2819 496 2820 521 ¹

602 599 872 667 mittunt
910 618 930 664 ε
971 593 1268 667 obtinent
1287 592 1437 667 sane
1463 649 1483 682 ,
1533 592 1645 665 ubi
1682 597 1831 690 quis
1869 615 2005 663 uon
2025 586 2310 687 idipsum
2333 585 2453 659 fibi
2475 604 2604 682 prae
2738 631 2757 665 ,
2821 634 2822 639 ,

600 689 789 784 quod
817 689 997 762 alteri
1022 691 1322 785 imputat.
1394 687 1622 761 Verbo
1640 686 1723 760 de
1742 685 1933 760 nobis
1956 739 1980 772 ,
2030 708 2098 756 re
2131 705 2279 755 non
2297 687 2513 752 minus
2530 675 2613 747 de
2630 681 2758 743 An·
2805 704 2818 721 ⁸

597 784 728 881 glia
761 805 796 853 a
851 787 998 856 'tun
1072 786 1258 855 Nam
1291 787 1408 879 qui
1446 780 1795 882 periclitari
1831 786 2110 854 Batavos
2146 776 2287 850 fine
2321 774 2385 847 sc
2405 827 2428 861 ,
2473 790 2540 841 at
2560 767 2761 873 supe?
2823 774 2824 779 ’

600 873 731 953 esse
790 901 827 949 e
871 896 1142 975 propter
1174 878 1400 951 volunt
1424 931 1447 965 ,
1498 877 1567 949 hi
1601 900 1831 976 parum
1869 875 2220 949 advertunt
2264 894 2406 942 non
2425 887 2605 960 aeque
2619 870 2762 932 tact-

602 966 667 1044 le
701 969 982 1043 fortunae
1005 1025 1026 1059 ,
1064 991 1135 1041 ut
1152 968 1275 1044 suis
1291 994 1623 1070 quemque
1642 969 2106 1070 cupiditatibus
2131 1020 2154 1054 ,
2178 965 2393 1037 finem
2403 966 2756 1059 imponere·

605 1064 934 1138 Nostrum
968 1068 1165 1164 igitur
1198 1070 1474 1138 exitium
1507 1066 1781 1140 vobisne
1808 1066 1890 1138 ad
1922 1068 2087 1137 vires
2104 1061 2312 1133 addet
2329 1053 2579 1151 aliquid
2598 1102 2619 1136 ,
2662 1065 2760 1117 aut

606 1158 777 1232 hosti
816 1159 1036 1232 demet
1067 1160 1151 1233 de
1184 1159 1456 1234 libidine
1479 1212 1501 1249 ‚
1549 1184 1629 1232 an
1661 1164 1869 1233 verius
1904 1158 1989 1231 de
2022 1181 2109 1229 eo
2145 1177 2276 1226 nec
2307 1150 2566 1224 dubitat
2601 1146 2758 1240 quis-

608 1276 807 1351 quam
829 1307 854 1341 ,
899 1253 1093 1327 nobis
1126 1253 1402 1352 depastis
1440 1254 1858 1350 trajectarum
1888 1251 1971 1325 ad
1994 1255 2350 1322 Britannos
2371 1242 2754 1320 incendmm»

602 1371 785 1513 -Ριιοε
815 1368 888 1419 ut
925 1345 1169 1421 divitiis
1207 1371 1343 1420 non
1371 1348 1733 1444 postremos
1756 1403 1776 1435 ,
1825 1353 1915 1419 ita
1947 1345 2027 1417 ad
2070 1342 2442 1442 periculum>
2474 1327 2756 1406 secundos

645 1464 762 1511 ore
781 1449 811 1511 ἓ
859 1443 1148 1539 Qapro
1262 1466 1293 1511 r
1323 1442 1489 1539 quid
1520 1443 1764 1515 interfit
1801 1440 2204 1514 considerate
2223 1491 2245 1524 ,
2295 1438 2542 1505 Batavo
2577 1430 2639 1496 in
2672 1419 2758 1492 ib·

610 1532 685 1606 lo
710 1588 731 1622 ,
777 1535 1027 1608 anhoc
1057 1540 1123 1608 in
1182 1539 1377 1609 'ttore
1399 1589 1421 1622 ,
1468 1526 1568 1609 bis
1635 1561 1714 1608 ro
1741 1542 1900 1635 ripis
1919 1556 2118 1631 atque
2134 1528 2399 1605 arcibus
2418 1526 2751 1597 dimicetis:

612 1652 870 1726 nosque
904 1627 1120 1703 socios
1153 1636 1492 1703 communi
1618 1636 1710 1703 uti
1749 1626 2151 1703 defeufindae
2184 1648 2311 1701 vos
2330 1619 2609 1694 babeatis
2631 1664 2652 1700 2
2688 1632 2751 1679 ²¹¹

617 1747 737 1797 nec
780 1724 1072 1798 volentes
1111 1725 1432 1823 Hispanus
1473 1725 1801 1798 ministros
1838 1724 1922 1798 ad
1965 1726 2298 1821 injuriam.
2371 1718 2550 1787 Nam
2576 1705 2752 1778 tribus

617 1820 996 1987 affixe
1043 1821 1859 1990 esaiasssezfmms
1882 1800 2755 1986 &semesum

622 1939 1322 2083 Butannils’agemmeu
1358 1969 1725 2107 relin’quant
1765 2063 1787 2098 ‚
1844 1941 2084 2081 uuibus
2122 1935 2445 2078 I(³)cesums
2485 1999 2555 2066 &
2584 1981 2754 2061 elflffis

622 2100 757 2176 sola
962 2108 985 2175 i
1023 2108 1425 2178 munimenta
1458 2106 1606 2178 sunt
1645 2128 1667 2174 ε
1716 2103 1832 2178 {im
1899 2127 2032 2202 que
2069 2123 2151 2172 ne
2193 2096 2527 2198 opulentia
2558 2099 2750 2188 regfflm

625 2223 823 2271 nemo
921 2197 1177 2298 hilippo
1208 2223 1324 2298 par
1354 2198 1431 2273 fit
1454 2253 1479 2288 ‚
1525 2199 1573 2273 fi
1607 2204 1759 2273 novi
1806 2202 1910 2271 Or
1959 2203 2012 2271 is
2055 2200 2132 2268 δι
2166 2195 2381 2268 Indiae
2409 2185 2702 2279 veffigfllffl·
2723 2221 2743 2258 ι

625 2293 776 2390 post
815 2292 1137 2366 domitam
1180 2293 1574 2368 Lufitaniam
1619 2292 1795 2368 bello
1833 2293 1912 2366 ha
2063 2317 2137 2364 us
2180 2287 2453 2372 infesta,
2496 2268 2659 2352 ω
2687 2288 2747 2337 ¹¹¹

625 2408 776 2458 tuto
813 2388 1150 2470 locaverit.
1183 2457 1189 2463 ,
1220 2395 1319 2460 lta
1352 2387 1547 2487 postq
1731 2387 1854 2460 suae
1886 2389 2003 2486 ipsi
2037 2391 2209 2461 vires
2246 2385 2394 2457 satis
2410 2370 2748 2479 placebunt»

625 2504 787 2578 quas
824 2480 1049 2554 babuit
1084 2482 1388 2557 hatsteuus
1420 2482 1538 2555 odi
1607 2486 1892 2555 minores
1921 2536 1942 2571 ,
1989 2506 2125 2556 nou
2146 2483 2358 2579 magis
2379 2486 2628 2569 usquam
2643 2451 2751 2529 effe

626 2577 862 2675 Anglis
893 2574 1117 2648 licebit
1139 2631 1161 2664 ,
1209 2599 1406 2673 quam
1442 2582 1703 2650 nuncin
1728 2579 2076 2652 Germania
2091 2574 2249 2647 licet
2273 2628 2296 2662 ,
2337 2569 2619 2643 undevos
2635 2573 2751 2624 em·

627 2673 713 2741 tis
746 2670 976 2742 edictis
997 2725 1020 2758 ,
1066 2691 1139 2743 ut
1171 2669 1485 2768 profanos
1531 2676 1605 2742 &
1639 2693 1948 2745 nocentes
1974 2726 1999 2761 ‚
2042 2675 2204 2743 totis
2244 2664 2752 2758 finibus-extortes

629 2768 765 2862 agit
791 2818 813 2851 ,
857 2771 934 2837 &
960 2820 983 2853 ,
1025 2787 1340 2863 quantum
1378 2770 1446 2838 in
1479 2766 1620 2863 ipso
1642 2767 1736 2840 est
1759 2819 1781 2854 ,
1827 2788 2008 2840 extra
2028 2767 2373 2839 bominum
2400 2741 2752 2830 commetes·

633 2860 1003 2957 proturbat.
1071 2862 1200 2934 Sed
1236 2860 1393 2933 illud
1438 2862 1630 2934 uobis
1667 2884 1840 2966 aegre
1876 2862 1971 2935 est
1991 2915 2012 2950 ,
2062 2860 2251 2960 quod
2286 2852 2413 2930 ess‘e
2442 2835 2750 2923 munuum

630 2952 924 3025 audimus
946 3009 967 3042 ,
1013 2961 1128 3052 qui
1167 2955 1572 3029 clandestinis
1607 2954 2010 3029 sermonibus
2040 2979 2228 3028 exem
2277 2954 2323 3025 li
2342 2942 2756 3024 invidiarum)-

624 3046 736 3121 bis
783 3049 1108 3147 objiciunt
1154 3104 1177 3139 ,
1244 3056 1321 3124 δι
1363 3051 1540 3149 quafi
1584 3075 1809 3124 coram
1856 3051 2166 3149 Philippo
2257 3038 2587 3121 efefflonis
2622 3043 2754 3131 ¹⁶9⁸
2795 3066 2804 3077 ·

633 3166 757 3312 ‘iffi'
763 3146 1118 3311 &133¹
1113 3145 1934 3339 AEffiffississifflescffl
1971 3153 2112 3315 ¹¹:3⁵.
2133 3149 2380 3335 ’ᾞέἓά
2399 3114 2753 3306 ‘meg

634 3330 704 3403 di
736 3331 1004 3406 libidine
1037 3359 1155 3432 per
1184 3334 1431 3412 Gallias
1478 3294 1988 3434 Hiberniamqu’e
2025 3293 2300 3407 audetur
2322 3386 2345 3419 ,
2389 3325 2470 3400 ad
2501 3318 2566 3392 id
2593 3316 2751 3383 ΒΜ·

633 3451 755 3502 vos
799 3428 1064 3501 adactos
1108 3426 1564 3503 excusatiffima
1606 3428 1970 3502 neceffitate
2010 3462 2033 3515 ς
2101 3452 2236 3524 qua,
2263 3420 2543 3519 alioquin
2567 3395 2749 3478 confi⁶

631 3519 853 3628 deutia
866 3524 1216 3596 obtrectari
1232 3523 1541 3596 auderent
1565 3577 1585 3610 ,
1610 3524 1795 3623 quod
1816 3546 1999 3621 reges
2014 3528 2207 3596 armis
2226 3577 2248 3612 ,
2270 3516 2510 3615 striptss
2530 3560 2551 3594 2
2565 3491 2748 3573 foede‘

631 3614 811 3688 nbus
880 3618 1239 3691 robavere?
1278 3623 1536 3690 Bonum
1555 3625 1797 3691 avitum
1812 3619 2186 3690 obtinemus
2210 3672 2232 3705 ,
2267 3615 2646 3686 libertatemss
2675 3604 2748 3692 ¹¹9

633 3713 783 3803 quis
867 3735 989 3782 ane
1023 3735 1257 3822 vocem
1288 3713 1734 3811 perhorrescat
1776 3767 1798 3800 ,
1856 3712 2359 3786 florentiffimam
2397 3722 2530 3778 eam
2563 3677 2747 3800 §fe‘h‘

637 3826 783 3910 mus
810 3800 927 3878 sub
946 3804 1244 3905 legitimo
1263 3810 1652 3906 principatu.
1721 3811 1945 3918 Atque
1972 3808 2144 3881 adeo
2165 3832 2286 3881 nec
2303 3813 2547 3876 externa
2565 3795 2744 3895 ΨΚ·

640 3895 1241 3974 nasormidavimus
1272 3909 1296 3970 ἐ
1336 3905 1412 3971 &
1433 3927 1607 3974 nuuc
1632 3957 1653 3990 ,
1694 3901 1888 3999 fiquns
1907 3907 2039 3976 vim
2065 3957 2086 3987 ,
2112 3929 2247 3975 non
2267 3897 2515 3974 nomina
2535 3937 2556 3970 2
2575 3877 2742 3981 ²⁰.¹P¹‘

642 3996 773 4068 ciat
794 4048 815 4081 ,
854 3996 965 4064 uni
984 3994 1306 4067 ducimur.
1355 3997 1584 4074 Nobis
1604 4050 1624 4085 ‚
1647 3995 1795 4084 tibi,
1817 4001 1890 4067 δε
1912 3998 2159 4070 cuneis
2182 3994 2478 4096 imperiis,
2495 3981 2706 4065 Regum
2707 4007 2727 4039 ’

568 4193 596 4210 ,
646 4113 782 4161 nou
818 4085 994 4163 aliud
1038 4075 1357 4163 retinendi
1402 4089 1694 4191 obsequii
1738 4087 2066 4168 vinculum
2098 4092 2194 4169 est
2234 4147 2257 4185 ,
2313 4102 2496 4185 quam
2531 4067 2735 4223 dog&
