2900 4628
415 177 1968 254 Hl-STOR1·aeRvML11³.x.
2179 199 2310 266 407

178 287 496 360 ostentare
518 287 794 360 bellumr
855 285 1188 359 Praernisso
1205 291 1403 383 igitur
1421 286 1632 359 milite
1652 290 2038 375 Mauritius,
2082 289 2317 366 obtem—
2380 273 2595 344 ¹601*

177 399 248 448 tu
270 404 341 452 nu
393 386 625 453 tiarum
721 404 881 477 quas
904 380 1278 452 Ludovicus
1320 377 1661 453 Nassavius
1680 405 1829 454 cum
1848 381 2041 455 vidua
2056 388 2318 462 comitis

172 408 439 547 Brouflii
484 435 763 547 facielrat
783 527 806 561 ,
858 473 1263 546 Arnbemum
1280 478 1455 546 venit
1494 497 1517 543 t
1569 498 1689 546 nec
1709 497 1996 547 moratus
2025 526 2047 560 ,
2095 495 2320 550 centu-

171 568 285 637 riis
322 567 476 642 ultra
511 589 773 639 centum
799 620 820 653 ,
867 571 1094 638 turmis
1130 570 1211 638 tri
1264 571 1396 641 inta
1429 570 1701 639 Bercam
1737 589 2079 665 properat,
2125 592 2321 666 quam

172 677 311 730 tum
328 661 579 734 tenebat
600 661 988 734 Archiducis
1006 657 1169 755 juffu
1188 590 1635 758 &ieronymus
1654 665 1901 758 Lopes.
1966 661 2217 736 Milites
2239 665 2320 737 il-

164 751 216 851 li
262 754 564 827 Walones
589 809 610 842 ,
656 755 843 842 Itali,
892 758 1249 841 Germani,
1296 757 1535 828 nautici
1582 754 1665 826 ad
1686 759 1809 827 tria
1826 754 2029 830 ferme
2064 749 2310 836 millia:

160 845 368 928 victus
402 846 541 920 latis
561 903 583 937 ,
627 850 942 921 machinae
964 845 1070 921 sex
1092 851 1164 919 &
1187 852 1450 946 triginta
1474 900 1497 934 ,
1543 854 1937 923 munimenta
1955 848 2306 932 mediocri-

161 956 272 1032 ter*
299 942 478 1016 aucta
499 994 524 1029 ,
571 964 652 1015 ex
677 964 814 1037 quo
851 939 1167 1014 Mendofi
1254 944 1380 1018 este
1400 940 1653 1038 ad'utus
1673 935 2305 1053 oppidumcepcrat.

158 1034 472 1130 Dumque
505 1040 850 1109 Mauritius
872 1032 1038 1107 sueta
1062 1059 1180 1133 pru
1225 1039 1452 1108 entiaa
1499 1033 1706 1109 versus
1726 1062 1855 1111 vim
1875 1059 2203 1130 externam
2240 1034 2307 1126 se
2353 1068 2628 1126 mm

157 1133 498 1223 praemunit
519 1186 540 1214 ,
588 1128 954 1204 Ludovicus
992 1130 1350 1206 Beruardus
1381 1130 1567 1203 Avila
1584 1154 1718 1203 non
1752 1133 2085 1228 imperitus
2105 1129 2255 1203 alias
2276 1185 2301 1219 ‚
2331 1137 2624 1200 noma.

155 1239 298 1291 tum
322 1222 765 1295 Bommeliano
790 1231 990 1320 nuper
1022 1224 1325 1320 exemplo
1343 1221 1605 1294 doctior
1623 1258 1661 1310 ,0
1690 1245 1869 1298 extra
1886 1220 2115 1298 foffitm
2134 1248 2297 1323 ope·
2313 1206 2463 1285 fim-

152 1337 230 1384 ra
260 1320 534 1404 excitat,
580 1317 926 1413 locumque
966 1312 1209 1414 pascuis
1252 1317 1793 1415 comprehendit,
1836 1321 2020 1415 queis
2056 1342 2302 1416 pecora

144 1404 480 1572 pascerent
502 1464 523 1498 ,
559 1412 709 1506 quia
730 1408 848 1481 fiale
863 1407 1298 1502 servandas-ad
1316 1433 1537 1483 carnes
1556 1407 2015 1488 destituebatur
2037 1445 2059 1497 ς
2105 1438 2301 1490 naves

176 1524 289 1571 uas
313 1508 668 1602 corrumpit
690 1500 820 1601 ipse
834 1561 866 1588 ‚.
879 1528 959 1576 ne
977 1505 1147 1577 hosti
1167 1504 1494 1577 cederent.
1560 1506 1651 1575 At
1667 1507 1978 1604 Princeps
1997 1504 2246 1579 classem
2266 1559 2294 1594 ,

143 1617 343 1691 quam
373 1596 765 1680 adduxerat,
818 1600 1053 1704 partim
1093 1599 1335 1670 Rheno
1375 1597 1726 1670 Coloniam
1747 1623 1950 1696 usque
1967 1599 2298 1697 disponit,
2410 1617 2415 1622 ’
2514 1675 2519 1678 ,
2592 1661 2622 1672 t

142 1693 378 1785 partim
395 1692 573 1784 juxta
598 1693 660 1762 se
677 1693 1011 1764 conhdere
1029 1696 1323 1789 imperat.
1388 1692 1661 1766 Insulam
1681 1746 1703 1779 ,
1719 1715 1865 1790 quae
1889 1691 2154 1792 propter
2167 1719 2301 1792 op-.

85 1793 100 1804 '
140 1782 374 1881 pidum
391 1808 576 1856 amne
597 1784 1084 1870 circumluitur,
1130 1784 1387 1857 castello
1409 1785 1676 1857 modico
1709 1786 2072 1862 instruam
2096 1844 2111 1866 ,
2160 1792 2299 1886 pri-

137 1899 289 1947 mos
328 1875 411 1948 ad
432 1877 592 1949 ierus
618 1877 1056 1968 machinarum
1090 1875 1396 1950 desertam
1420 1881 1494 1947 δε
1518 1902 1563 1948 o
1613 1903 1720 1951 ere
1739 1880 2011 1975 amplius
2034 1881 2250 1952 firmat
2270 1932 2297 1966 ,

139 1975 393 2042 &cum
433 1976 570 2068 ripa
598 1990 868 2066 utraque
897 1971 1207 2070 pontibus
1219 1973 1335 2068 jun
1391 1975 1458 2043 ἐ.
1598 1997 1706 2044 urn
1723 1972 2086 2069 dispositis,
2186 1999 2295 2045 ua-

133 2064 547 2160 cunquespes
565 2064 842 2135 adeundi
863 2087 1046 2151 erat,
1093 2065 1348 2136 stationi
1398 2087 1515 2150 us,
1561 2063 1761 2137 castra
1777 2064 1981 2137 tribus
2001 2088 2165 2162 parti
2215 2091 2290 2139 us

128 2156 317 2229 locat
353 2180 373 2227 t
424 2157 684 2255 uniipse
721 2159 1060 2254 praefidens
1092 2155 1256 2232 locis
1279 2157 1677 2238 editioribus
1716 2158 2060 2236 secundum
2096 2185 2142 2230 o
2235 2165 2301 2240 i-‚

129 2251 295 2326 dum
320 2304 342 2339 ,
390 2249 711 2349 superiora
745 2257 900 2417 πῆξε
920 2252 1188 2325 Ernesto
1214 2248 1571 2339 Naffavio,
1618 2252 1828 2327 media
1843 2184 2288 2329 TribunoVGpi-

126 2346 315 2421 steno
334 2348 627 2419 attribuit
643 2379 669 2433 ,-
685 2371 762 2418 ac
831 2347 1038 2419 uobus
1058 2351 1332 2435 marrime
1346 2345 1510 2419 locis
1524 2345 1830 2420 foffiones
1848 2353 2282 2420 contramuni-

126 2462 351 2513 menta
371 2463 550 2512 extra
582 2440 898 2538 oppidum
943 2444 1370 2536 prominentia
1409 2439 1655 2521 intendi
1692 2443 1968 2538 imperat
1992 2496 2014 2527 ,
2055 2443 2281 2516 validis
2336 2489 2347 2497 .

122 2539 382 2615 circum
404 2532 708 2605 custodiis
732 2587 753 2619 ,
799 2531 952 2630 quia
972 2535 1213 2605 crebris
1246 2534 1698 2631 eruptionibus
1710 2542 1758 2607 ‘o
1806 2560 1910 2607 era
1928 2536 2280 2608 turbaban-

123 2648 294 2703 tur..
326 2629 583 2699 Primus
602 2631 879 2731 impetus
899 2629 982 2698 ad
997 2627 1445 2706 Caffelie‘nlem
1465 2633 1630 2700 viam
1650 2629 1758 2700 mil
1784 2654 1820 2701 e
1841 2650 1950 2701 aut
1968 2629 2096 2699 ultr
2156 2630 2284 2700 ho-
2396 2648 2403 2657 ·

123 2727 380 2793 minum
399 2720 541 2804 fuit,
559 2722 734 2806 ‚hunc
759 2721 926 2793 Galli
946 2721 1262 2806 recudere,
1277 2745 1560 2819 quorum
1581 2719 1815 2795 ἀιιᾶοι·
1837 2721 2053 2794 Castili
2149 2745 2281 2795 :eus

118 2817 374 2910 juvenis
395 2812 647 2885 fortiter
666 2815 977 2886 dimicans
1000 2814 1331 2887 honestum
1351 2810 1573 2886 vulnus
1594 2816 1832 2887 retulit.
1900 2818 2051 2886 Nec
2074 2817 2283 2886 territi

121 2931 368 2982 tamem
402 2906 626 2981 obseffi
653 2932 790 3005 quo
808 2912 1018 2985 minus
1043 2914 1117 2978 &
1147 2934 1230 2983 ex
1247 2908 1471 2978 eadem
1494 2929 1679 3006 parte
1700 2966 1725 2993 ,
1774 2912 1848 2978 δε
1872 2932 1998 3005 qua
2033 2913 2280 2980 Xante-

118 3027 308 3077 mum
330 3006 460 3073 itur
476 3058 497 3087 ,
544 2999 766 3098 saepius
786 3006 1099 3081 irruerent
1119 3058 1140 3086 ‚
1161 3084 1170 3099 ἕ
1189 3026 1324 3071 non
1350 3001 1481 3083 fine
1502 3002 1710 3097 aliqua
1729 3001 1911 3075 clade
1934 3021 2004 3072 ut
2028 3005 2283 3098 impro-

118 3096 234 3170 visi
253 3120 451 3192 proru
541 3116 721 3180 rant,
766 3093 875 3166 sed
898 3095 1155 3194 repreffi
1194 3094 1401 3166 statim
1418 3096 1894 3166 accurrentibus
1931 3110 1970 3164 e
2007 3099 2280 3192 propin-

171 3213 267 3265 uo
284 3119 592 3260 subsigieis.
666 3193 848 3285 Qae
864 3191 1017 3260 dum
1035 3189 1225 3274 fiunt,
1245 3189 1522 3287 perlatus
1544 3192 1803 3259 nuntius
1818 3187 2171 3279 Ostendam
2191 3188 2277 3260 ab

185 3283 407 3356 lberto
445 3283 763 3366 obfideri,
814 3308 947 3357 non
969 3307 1192 3380 parum
1229 3280 1442 3354 attulit
1462 3282 1851 3357 difficultatis
1888 3302 1911 3350 ε
1962 3307 2110 3352 nam
2129 3280 2275 3351 coe-

116 3398 243 3475 pto
281 3377 511 3448 cedere
548 3377 970 3461 indecorum,
1011 3398 1077 3450 at
1181 3377 1359 3449 rduci
1389 3396 1618 3447 contra
1659 3399 1857 3474 opera
1892 3394 2021 3445 tam
2056 3375 2271 3448 valido

113 3480 294 3543 intus
315 3470 609 3568 praefidio
634 3530 653 3554 ‚
701 3476 775 3542 &
799 3470 1026 3543 servari
1045 3496 1080 3543 a
1129 3477 1257 3542 itus
1284 3526 1309 3554 ‚
1353 3470 1728 3568 palustribus
1772 3475 2015 3543 circum
2050 3494 2126 3539 ac
2149 3468 2270 3543 fal-

110 3564 648 3660 lacibus-campis
669 3624 689 3651 ,
737 3564 866 3637 fine
900 3567 1148 3663 magnis
1170 3569 1378 3663 copiis
1400 3589 1534 3637 non
1568 3586 1889 3662 poterant.
1961 3562 2293 3658 ,Rursum

112 3660 354 3733 Verius
378 3716 405 3743 ‚
444 3683 639 3755 quem
686 3659 991 3737 Ostendae
1032 3664 1307 3755 imperio
1356 3659 1817 3732 destinaverant
1852 3717 1871 3743 ,
1944 3659 2265 3735 abnuebat

111 3777 288 3828 onus
311 3809 331 3836 ,
378 3758 685 3849 niviginti
711 3752 1071 3851 Anglorum
1108 3758 1423 3825 centurias
1445 3808 1470 3838 ,
1515 3778 1819 3850 magnum
1841 3753 2047 3848 robur
2076 3778 2263 3826 exer·-

111 3851 284 3919 citus
303 3903 323 3929 ,
342 3843 551 3918 secum
575 3849 927 3922 abduceret
949 3904 968 3931 ,
994 3846 1180 3945 quod
1198 3847 1473 3919 concess
1458 3873 1564 3919 um
1585 3881 1609 3933 3
1642 3853 1716 3919 δε
1731 3847 2098 3944 exspectans
2116 3850 2182 3920 su
2232 3888 2267 3909 ο
2294 3938 2299 3945 ,

111 3942 440 4038 plementa
476 3944 783 4039 Princeps
807 3940 1297 4037 instabat'operi.
1367 3946 1634 4016 Interim
1659 3942 1884 4015 obsessi
1921 3942 2123 4027 vidus
2145 3874 2261 4015 figi
2394 4004 2435 4033 ⁴„

102 4037 389 4112 modum
430 4033 836 4133 praescribere
877 4063 898 4111 ε
936 4040 1176 4110 nuntiis
1208 4041 1283 4108 &
1328 4033 1588 4112 sublatis
1622 4062 1660 4110 e
1704 4037 1950 4134 specula
2001 4036 2303 4141 ignibus,
2400 4030 2407 4039 “

1126 4129 1247 4203 Cc
1290 4151 1344 4226 4
2027 4127 2284 4228 auxilie
