2900 4628
592 222 803 312 310,
1018 190 2320 282 nvcouts'cRoTix

331 334 537 436 ¹5⁹⁸·
599 310 2760 510 “issffl‘ssss‘ffiss‘2132me{252¹}²}023¹1¹{¹;}‘³253{335}55‡22¹{²

598 444 757 587 {Yec
774 532 987 583 tamen
1015 472 1292 581 vit’arunt
1316 561 1337 591 ‚
1384 509 1735 604 quominus
1754 526 1863 576 aut
1885 503 2183 604 Hispanis
2203 505 2549 597 intercepti
2571 520 2604 587 ,·
2640 520 2766 573 aut

595 608 646 681 fi
692 609 815 679 bos
859 600 1193 677 vitabundi
1241 604 1624 672 Maurorum
1682 600 1904 670 littora
1936 605 2376 671 Turcarumve
2433 598 2767 692 remigem

595 696 965 774 incidissent
989 750 1011 782 ,
1058 693 1306 768 cunffls
1344 697 1514 765 inter
1550 691 1612 765 se
1631 692 1919 766 hostibus
1935 693 2217 765 hostium
2241 692 2396 763 loco
2435 687 2768 762 haberen-

592 816 703 866 tur
750 819 770 863 :
818 790 1076 864 saeviore
1095 788 1413 886 periculo,
1435 791 1589 883 quia
1611 786 1759 861 belli
1781 786 1954 859 istius
1969 786 2232 860 fortuna
2255 808 2447 873 ‚cum
2468 787 2767 855 maxime

592 891 806 989 parcit
828 940 849 973 ,
896 883 1161 955 malua:
1210 881 1532 953 libertate.
1628 886 1704 953 In
1756 905 1897 978 quo
1926 894 2362 955 mercatorum
2413 880 2767 951 wantiam

593 976 1109 1056 meritonenses
1131 1030 1151 1060 ,
1195 979 1309 1074 qui
1329 998 1519 1047 naves
1538 977 1744 1047 virum
1775 998 2236 1072 armorumque
2271 977 2488 1044 inanes
2511 992 2622 1042 tot
2643 995 2768 1068 pe-

597 1076 819 1147 riculis
836 1072 1160 1166 objiciunt
1176 1121 1198 1156 ,
1242 1094 1318 1140 ac
1340 1092 1420 1140 ne
1432 1072 1596 1163 juris
1617 1068 1883 1164 qu'uiem
1900 1066 1992 1142 fiii
2013 1068 2300 1142 vindices
2322 1066 2764 1149 barbarorum

595 1168 771 1266 apud
819 1171 1029 1264 regias
1085 1161 1439 1262 disponunt
1463 1218 1483 1249 ‚
1531 1167 1826 1236 contenti
1884 1163 2146 1236 illorum
2177 1161 2260 1234 ad
2317 1163 2764 1259 patrocinium

596 1260 999 1358 confugere,
1037 1282 1321 1355 quorum
1353 1258 1589 1329 alteros
1609 1255 1935 1351 fibiadjun
1982 1256 2158 1330 endo
2194 1256 2435 1328 alteros
2477 1250 2766 1325 sentiant

596 1356 977 1429 infestiores.
1052 1352 1280 1425 Gallos
1302 1356 1550 1450 quippe
1585 1353 1785 1421 &An
1839 1353 1937 1423 ios
2054 1355 2179 1425 tavi
2201 1346 2399 1424 secuti
2443 1346 2586 1420 sunt
2613 1402 2635 1435 ‚
2682 1366 2764 1419 ut

596 1452 712 1547 ipii
736 1446 1071 1545 quondam
1094 1444 1383 1516 Venetos
1408 1500 1428 1531 ‚
1469 1468 1551 1515 ex
1571 1468 1709 1540 quo
1733 1376 2115 1519 cffiristianis
2138 1444 2258 1516 suit
2282 1441 2625 1517 discordiae
2639 1461 2762 1512 aut

595 1567 749 1614 com
835 1543 986 1613 ndia
1033 1560 1184 1611 ante
1222 1537 1664 1611 sanaiffimam
1701 1542 1837 1635 ejus
1869 1544 2152 1612 nominis
2198 1535 2572 1610 societatem
2616 1534 2761 1608 fue-

591 1660 689 1707 re.
865 1635 1013 1707 dem
1034 1657 1206 1741 vere,
1226 1637 1302 1704 &
1321 1654 1470 1729 quae
1493 1631 1675 1742 ζὼς
1684 1641 1989 1706 continua
2005 1632 2129 1706 suit
2154 1687 2175 1720 ,
2223 1656 2415 1705 naves
2433 1630 2605 1703 haud
2627 1633 2761 1701 mi*-

589 1726 1789 1921 ffizfssffiffiissssssffissfflssssz
1808 1727 2037 1918 ῗῗρζῖἓ
2083 1726 2758 1905 ζ’ἒέῗεῗέῧᾶςὲἒέἶ

594 1921 967 1991 Americam
987 1919 1125 1988 aliae
1151 1970 1173 2003 ,
1219 1916 1322 1990 vel
1344 1939 1489 2020 quae
1508 1914 1732 1989 nostro
1755 1917 1903 1988 orbi
1926 1916 2186 2014 objacet
2203 1970 2225 2004 ‚
2273 1916 2373 1987 vel
2392 1936 2539 2011 quae
2572 1934 2754 1983 trans

593 2013 1059 2111 Magallanicas
1081 2014 1337 2083 Oceani
1358 2015 1572 2083 fauces
1592 2010 1827 2081 aditur.
1900 2012 2181 2082 Minime
2203 2033 2447 2082 novum
2462 2006 2554 2080 est
2586 2005 2757 2077 mul·

590 2126 703 2179 tos
737 2126 1027 2178 conatus·
1046 2103 1433 2202 quibusdam
1476 2102 1747 2177 adverfis
1780 2105 2001 2177 locum
2035 2103 2213 2176 dare.
2289 2106 2496 2176 Navis
2528 2105 2753 2197 itaque

448 2198 463 2221 ³
595 2200 1089 2284 Zelandicarum
1110 2223 1231 2269 una
1255 2251 1277 2286 ,
1367 2222 1464 2269 uae
1483 2198 1567 2270 ad
1589 2196 1788 2270 Indos
1810 2198 2231 2270 mittebantur
2251 2251 2272 2284 ,
2295 2201 2466 2268 circa
2486 2198 2746 2265 Britan-

591 2299 767 2368 niam
802 2292 1001 2367 clavo-
1032 2293 1207 2367 vadis
1244 2293 1323 2363 ad
1372 2291 1749 2381 aerescente,
1793 2291 1901 2365 {eu
1929 2297 2081 2391 quia
2116 2289 2374 2366 saburra
2406 2290 2604 2362 defiiit
2632 2290 2746 2361 in-

589 2389 864 2473 clinata,
922 2391 1085 2460 totis
1126 2387 1398 2459 laterum
1431 2385 1688 2459 foribus
1714 2441 1735 2474 ,
1779 2386 1861 2458 ad
1895 2411 2044 2484 quae
2078 2407 2402 2459 tormenta
2444 2383 2749 2457 locantur

591 2482 791 2648 gnam
826 2481 1002 2555 forte
1034 2502 1273 2576 apertae
1308 2482 1532 2576 erant)
1576 2485 1830 2578 accepit
1866 2506 2042 2556 mare
2080 2534 2103 2568 ,
2165 2481 2510 2576 subitoque
2545 2477 2750 2552 mersa

278 2637 289 2646 ,
640 2581 890 2648 omines
931 2571 1103 2673 ipsos
1129 2579 1353 2649 &vim
1371 2578 1619 2673 argenti
1659 2581 1866 2647 exitio
1905 2581 2245 2675 corripuit.
2315 2569 2645 2646 Damnosa
2668 2577 2749 2645 δε

301 2697 570 2760 mm,
600 2667 977 2744 Baithassris
1018 2672 1400 2768 Muceronis
1430 2667 1692 2739 audacia
1724 2668 1850 2743 fuit
1874 2722 1894 2756 ,
1942 2674 2058 2767 qui
2099 2668 2361 2743 infulam
2383 2669 2748 2766 AEtbiopici

263 2768 540 2852 {usqam
594 2769 788 2838 maris
827 2768 1125 2837 Bennino
1169 2763 1375 2835 littori
1422 2753 1870 2858 praejacentem
1901 2787 2126 2864 ⁴prope
2169 2762 2576 2861 AEquinoffli
2614 2766 2748 2833 cir·

593 2858 810 2931 culum
836 2914 856 2944 ‚
899 2860 927 2953 (
950 2861 1254 2956 principis
1269 2881 1344 2929 ea
1364 2854 1642 2950 dicitur)
1664 2881 1784 2930 nec
1803 2857 2077 2933 sterilem
2098 2858 2295 2956 ipsam
2314 2913 2335 2946 ,
2367 2861 2462 2928 ’δε
2483 2877 2751 2956 praeter·

590 2955 971 3042 vehentibus
1014 2973 1409 3050 oportunam
1432 3007 1458 3036 ,
1505 2952 1830 3024 Luiitanis‘
1862 2955 2130 3052 regique
2148 2955 2457 3051 Philippo
2496 2974 2749 3024 merca·

585 3053 984 3158 toreripere
1005 3043 1329 3144 aggress'us
1364 3046 1459 3116 est
1483 3098 1505 3131 ,
1553 3062 1807 3117 novum·
1826 3046 1944 3119 fibi
1986 3052 2325 3145 imperium
2360 3050 2584 3117 animo
2603 3049 2748 3144 agi·

586 3160 732 3213 tans
760 3197 780 3228 ,
828 3139 1010 3237 quod
1054 3163 1352 3236 proceres
1391 3163 1470 3210 ac
1511 3143 1858 3210 Mauritius
1899 3145 2143 3239 petenti
2166 3147 2231 3214 in
2250 3141 2531 3238 praedam
2569 3162 2743 3212 con-

584 3233 917 3308 cesserant.
986 3239 1270 3307 Ducenti
1292 3233 1528 3305 milites
1564 3254 1902 3330 nautaeque
1921 3233 2030 3333 spe
2063 3236 2277 3332 ampla
2306 3236 2543 3318 exciti,
2591 3232 2742 3307 fore

582 3351 656 3399 ut
691 3326 1132 3402 sexcentorum
1185 3327 1588 3399 florenorum
1623 3326 1892 3425 veffigal
1938 3353 2221 3400 annuum
2265 3327 2491 3427 finguli
2537 3326 2742 3424 poffi·

581 3422 838 3496 derent.
911 3429 1035 3495 His
1054 3421 1342 3521 praefecit
1364 3423 1679 3494 Iulianum
1719 3420 2134 3520 Clerhagium
2157 3478 2179 3511 ‚
2226 3425 2498 3520 inquieti
2535 3423 2740 3516 animi

495 3545 499 3549 ’
580 3523 1028 3608 centurionem
1053 3571 1075 3604 ‚
1122 3542 1200 3589 ac
1237 3541 1321 3607 ne
1346 3520 1567 3614 patriae
1657 3515 1872 3589 uidem
1892 3571 1915 3604 ‚
1987 3523 2062 3589 &
2084 3516 2552 3618 magistratibus
2589 3511 2740 3589 satis

583 3608 789 3681 fidum
812 3669 834 3694 ,
880 3632 953 3685 ut
982 3617 1093 3705 qui
1119 3611 1232 3682 sub
1254 3610 1568 3682 Licestrio
1624 3608 2018 3696 editionibus
2055 3637 2190 3685 non
2216 3633 2350 3684 tam
2380 3610 2689 3709 abreptus
2714 3666 2742 3700 ,

412 3723 427 3740 ‘
632 3728 778 3774 uam
814 3704 938 3776 frui
961 3703 1225 3780 voluiffe
1244 3726 1653 3802 argueretur,
1701 3703 1998 3803 aliosque
2020 3708 2290 3804 juvenes
2314 3759 2337 3794 ‚
2383 3729 2506 3782 nec
2539 3705 2743 3780 rebus

574 3725 978 3871 afficientes.
1059 3802 1274 3872 Prima
1309 3797 2051 3874 tamenblandiebantur
2076 3855 2098 3889 ,
2140 3799 2436 3898 doloque
2545 3797 2742 3899 rspe-

574 3894 742 3962 ciem
782 3892 1111 3989 epularum
1131 3892 1321 3990 ³¹¹²&
1356 3895 1422 3963 in
1457 3916 1649 3970 naves
1686 3890 1901 3966 infirlae
1919 3899 2239 3991 primores
2278 3899 2441 3969 inve
2598 3899 2741 3992 pri-

418 4023 425 4026 ·
572 3992 704 4059 vati
723 3985 1005 4078 hominis
1024 3987 1372 4086 adiguntur
1411 4040 1432 4072 ,
1498 3985 1718 4076 addita
1753 3984 1864 4085 spe
1902 3994 1978 4060 δε
2016 3989 2336 4066 Lufitanis
2371 3993 2734 4088 aequiorem

476 4089 480 4094 ’
574 4081 879 4158 Batavum
928 4103 1127 4185 quam
1165 4077 1587 4156 Casteuanam
1634 4085 1982 4158 amicitiam
2014 4084 2164 4158 fore
2195 4137 2221 4174 ,
2293 4087 2373 4158 δε
2407 4084 2727 4192 indigenis

576 4196 583 4204 ⁸
2503 4199 2725 4252 mim-IS
