2900 4628
331 210 1391 290 Hisroaaauvu'
1465 214 1719 292 mu.
1806 210 1980 289 xv,
2104 190 2300 311 4⁹2*

107 330 462 427 vicinosque
516 329 882 398 animorum
940 343 1158 399 motus
1206 329 1507 424 privatim
1537 346 1651 401 *aut
1667 326 1928 424 publice
1957 330 2240 407 brevitet
2308 332 2518 411 1606.

102 432 329 524 aperire
372 421 546 494 haud
578 424 731 491 inco
824 444 1012 493 tuum
1048 441 1273 517 putem
1313 453 1337 507 3
1383 422 1654 517 quando
1705 427 1956 518 magnis
1997 424 2246 522 ubique

102 519 547 593 mutationibus
578 513 749 587 velut
808 514 972 589 atale
1000 517 1068 591 id
1108 519 1479 612 temporis·‚
1532 526 1922 613 externaque
1949 518 2192 595 nostris
2213 571 2245 607 .‚

102 639 211 692 nec
246 619 451 685 minus
491 609 707 681 nost-ra
745 612 1029 683 externis
1057 663 1077 696 ,
1124 612 1776 697 momentumtulere.
1864 617 2084 689 Totus
2113 615 2258 693 Set-2

101 711 373 808 ptentrio
402 759 424 793 ,
469 707 1058 801 regnisantiquitus
1079 703 1372 779 libertate
1386 706 1750 803 permistis,
1789 709 1862 778 in
1877 722 2053 779 anna
2067 732 2255 785 exara

97 807 250 878 serat
270 855 288 888 ,
327 794 769 897 propeiisdem
791 850 814 883 ‚
863 801 1051 895 queis
1079 797 1241 869 olim
1259 801 1483 872 Batavi
1502 799 1726 874 eaufis.
1774 798 2253 899 Sigifimundusi

98 899 245 973 dum
266 895 633 967 Iesuitarum
663 890 838 988 juffis
876 891 1286 989 obtemperat
1309 946 1329 980 ‚
1366 888 1586 969 amissa
1611 894 1846 971 suedia
1868 948 1889 983 ,
1920 912 2090 992 aeg're
2111 900 2252 975 1³01

93 989 331 1064 loniam'
357 985 699 1059 retinebat.
751 988 934 1058 Nam
971 989 1040 1058 iu
1072 987 1307 1062 Suedia
1349 987 1625 1063 Carolus
1665 987 1890 1086 posito
1915 988 2253 1067 dueum».

95 1089 262 1159 mine
286 1136 305 1169 ,
350 1082 618 1154 decreto
653 1080 982 1159 Ordinum
1006 1080 1266 1154 suorum
1286 1104 1510 1180 regem
1543 1079 1607 1157 {e
1631 1100 2053 1179 nuncupans,
2075 1146 2082 1159 .
2104 1084 2256 1182 post}

93 1198 415 1276 acceptam
478 1178 669 1270 Rigae
700 1173 961 1249 obfidio
991 1174 1239 1248 cladem
1276 1179 1444 1251 vires
1481 1199 1781 1273 reparans
1802 1235 1826 1261 ,
1867 1181 2254 1253 imminebat

94 1276 414 1349 Livonuin
430 1268 693 1342 finibus.
736 1273 818 1341 In
842 1269 1118 1343 Polonia
1138 1269 1502 1344 Samoscius
1526 1323 1548 1356 ,
1568 1275 1750 1369 regni
1777 1272 2250 1359 cancellarius.

93 1370 247 1441 dum
266 1369 427 1439 vixit
444 1418 467 1453 ,
514 1360 903 1463 sapientibus
920 1362 1199 1439 confiliis
1224 1369 1300 1436 δε
1324 1371 1686 1441 reverentia
1702 1362 1796 1439 sui
1816 1368 2253 1476 Regem-pro-

91 1483 397 1557 ceresque
442 1458 708 1533 flexerat
741 1478 815 1531 ut
847 1458 1028 1558 leges
1067 1461 1149 1528 δε
1183 1483 1309 1556 pax
1344 1456 1766 1533 servarentur.
1858 1465 2257 1559 Ejusmorte

91 1559 245 1633 odia
263 1559 545 1654 primum
567 1606 591 1640 ‚
636 1576 795 1625 mox
809 1559 906 1626 vis
926 1571 1147 1719 aXerta
1173 1576 1192 1622 :
1222 1557 1297 1624 δε
1312 1575 1498 1629 erant
1518 1560 1631 1652 qui
1651 1557 1959 1721 supremis
1977 1560 2255 1654 propin-⁶

90 1674 225 1750 quo
256 1651 550 1723 monitos
584 1651 905 1745 primores
991 1651 1234 1720 icerent
1256 1699 1279 1734 ‚
1304 1648 1549 1720 multis
1592 1653 1714 1722 arti
1766 1675 1839 1722 us
1855 1655 2158 1724 attentari
2177 1651 2257 1721 li·

90 1744 413 1837 bei-tatem
430 1798 454 1827 ,
508 1747 584 1811 &
605 1741 663 1813 se
681 1741 949 1837 quidem
967 1793 992 1827 ‚
1037 1764 1235 1838 quam
1255 1741 1595 1840 accepisset
1613 1747 2080 1841 rempublicam
2102 1803 2121 1829 ,
2160 1768 2259 1816 re·

86 1841 380 1936 linquere
396 1835 874 1933 superstitibus,
916 1835 1208 1919 viderent
1231 1860 1401 1908 nunc
1433 1838 1595 1934 ipsi,
1613 1838 2124 1936 nequidinscitia
2143 1859 2257 1910 aut:

87 1938 343 2032 ignavia
363 1948 763 2028 peccaretur-0
816 1932 983 2003 Sane
1003 1929 1171 2002 haud
1206 1931 1415 2004 multo
1449 1931 1597 2028 post
1631 1958 1984 2032 procerum
2007 1936 2200 2028 primi
2231 1977 2256 2018 ,

89 2029 424 2100 Palatinos
458 2041 695 2097 vocant
711 2079 739 2116 ,³
784 2027 852 2103 in
891 2047 1067 2097 arma
1101 2048 1459 2122 prorupere
1478 2080 1498 2113 ‚
1547 2024 1913 2100 accusantes
1956 2023 2021 2098 R

87 2122 279 2221 quod
297 2117 522 2193 amisso
546 2121 761 2217 priore
794 2122 1214 2201 mat-timonio
1236 2172 1258 2203 ,
1306 2118 1682 2191 inconsultis
1717 2121 2013 2193 Poloniae
2048 2120 2259 2193 Ordi-

86 2217 285 2290 nibus
309 2267 331 2300 ,
353 2213 560 2289 -duesta
595 2232 872 2287 monuae
900 2212 1129 2285 ,sorore
1149 2264 1172 2298 ‚
1218 2211 1403 2285 fimul
1444 2237 1712 2313 regnum
1734 2216 1975 2289 incestu
1997 2212 2280 2314 polluiss
2407 2278 2413 2283 .

82 2307 208 2397 set,
230 2317 306 2381 Bc
324 2333 563 2382 arcano
580 2307 835 2382 foedere
854 2306 1200 2384 Austriacae
1214 2305 1277 2379 se
1293 2307 1519 2382 domui
1538 2310 1971 2384 obstrinxiffet
1990 2337 2009 2381 t
2033 2312 2257 2410 quod·-

145 2432 225 2480 ue
243 2410 309 2478 in
326 2405 693 2478 honoribus
722 2425 921 2475 exuta·
935 2402 1298 2499 aequalitate
1325 2452 1347 2490 ‚
1396 2399 1844 2478 Protestantes.
1867 2408 2254 2480 Romanen-

82 2430 265 2582 Bbus
316 2499 868 2599 posthaberentur.
943 2496 1360 2594 postulabant
1399 2502 1476 2578 δι
1513 2498 1772 2572 Iesuitas
1809 2501 1960 2596 pelli
1997 2503 2058 2572 C
2063 2526 2254 2574 raco-

82 2589 212 2673 vile
232 2594 603 2692 praefeetura
628 2595 944 2687 :litesque
971 2595 1168 2664 etiam
1203 2590 1638 2666 sacerdotibus
1675 2615 1892 2680 ortas,
1938 2597 2074 2668 non
2099 2600 2254 2668 Ro-

38 2733 53 2736 >
81 2715 218 2765 mae
248 2691 607 2786 longinqua
712 2713 745 2757 r
780 2690 1010 2758 itinera
1031 2691 1106 2757 δε
1136 2684 1377 2759 sumtus
1402 2740 1428 2775 ,
1477 2687 1584 2759 sed
1601 2689 1974 2761 domesticis
1985 2690 2255 2785 judiciis

79 2786 224 2859 disc
315 2786 455 2856 tari.
538 2789 616 2855 In
664 2782 928 2878 ustoque
952 2785 1170 2884 gentis
1209 2783 1497 2854 concilio
1535 2785 1793 2880 Regem
1811 2785 2134 2856 vocabant
2151 2782 2260 2854 di·-

81 2882 245 2954 lnen
293 2876 429 2949 aad
464 2877 734 2949 crimina
752 2909 779 2962 3
820 2879 887 2949 ni
906 2879 1149 2950 veniret
1169 2929 1190 2961 ,
1224 2876 1463 2948 additis
1483 2880 1675 2948 minis
1696 2931 1717 2963 ‚
1749 2874 2073 2974 sceptrum
2092 2874 2154 2949 se
2176 2899 2257 2948 ae

81 2997 447 3056 coronam,
479 2974 731 3068 imperii
770 2970 1038 3066 infignia
1059 3025 1080 3053 ,
1110 2992 1256 3065 quae
1276 2993 1463 3042 more
1485 2974 1701 3070 patrio
1728 2970 1844 3067 ipsi
1861 2971 2261 3058 custodiunt,

84 3075 163 3142 in
186 3068 386 3140 alium
404 3068 844 3138 translaturos.
894 3069 987 3134 At
1009 3065 1158 3136 Rex
1184 3113 1206 3148 ‚
1260 3063 1542 3138 εοΠεᾶο
1559 3070 1846 3137 exercitu
1867 3118 1888 3149 ,
1939 3069 2014 3138 &
2038 3064 2262 3138 multia

82 3187 221 3260 per
247 3163 420 3233 dona
454 3161 816 3233 conciliatis
846 3212 869 3244 ‚
914 3179 1284 3254 quanquam
1312 3163 1535 3256 primis
1571 3156 1949 3232 fiscceffibus
1985 3154 2158 3258 pros
2222 3191 2261 3217 ⁶

82 3280 247 3329 rum
268 3256 381 3354 ipfi
402 3256 644 3329 bellum
665 3305 687 3340 ‚
727 3276 949 3350 pacem
963 3254 1254 3358 praetulit
1276 3305 1297 3338 ‚
1333 3252 1710 3350 factumque
1729 3253 1964 3326 foedus
1998 3259 2127 3329 Sen
2173 3278 2258 3326 o·-

78 3354 492 3436 mirianum„
539 3374 677 3446 quo
714 3367 926 3420 vetera
956 3371 1099 3439 Jura
1140 3350 1326 3419 novis
1364 3350 1839 3422 muniebantur.
1890 3348 2021 3423 Sed
2060 3353 2258 3420 armis

77 3451 309 3543 magis
345 3469 541 3542 quam
576 3440 838 3515 offenfis
874 3439 1257 3514 ceffantibus
1278 3493 1300 3527 ,
1334 3443 1491 3532 dum
1525 3444 1632 3516 ille
1664 3464 1735 3514 ut
1749 3443 1956 3516 ν’ἰᾶοε
1973 3447 2210 3540 spernit
2233 3494 2259 3530 ,

75 3541 219 3614 illis
243 3543 591 3637 impunitas
613 3537 828 3610 suadet
848 3541 1083 3608 iterum
1103 3535 1339 3607 audere
1362 3589 1384 3624 ,
1421 3541 1606 3633 quies
1626 3537 1825 3612 infida
1849 3562 1969 3611 nee
1991 3538 2263 3610 dur-atu·-

74 3661 180 3710 τε.
237 3640 490 3732 Super,
531 3658 675 3731 quae
699 3632 1023 3716 diximus,
1056 3634 1368 3715 crimina,
1402 3633 1628 3706 &hoc
1649 3630 2059 3730 sigismundo
2075 3634 2263 3798 obffe-
2394 3717 2398 3724 ,
2535 3616 2543 3632 ’
2693 3623 2700 3636 “

72 3733 285 3803 &um
306 3782 329 3815 ‚
372 3730 559 3826 quod
595 3725 819 3821 injuffu
860 3726 1129 3823 publico
1160 3723 1409 3795 auxiliis
1443 3730 1788 3798 Demetrio
1823 3726 2014 3799 miffis
2053 3730 2155 3798 Po
2180 3751 2264 3798 o-

68 3830 271 3899 niam
396 3826 485 3897 llo
523 3820 949 3919 implicuisset.
1002 3819 1070 3890 Is
1102 3813 1477 3892 Demetrius
1498 3873 1521 3906 ‚
1565 3822 1854 3894 Bafilidae
1885 3821 2263 3894 crudelitate

69 3920 241 3996 noti
294 3925 412 3991 imi
447 3918 655 3989 filiurn
678 3970 702 4002 ‚
737 3922 813 3986 &
835 3969 859 4003 ‚
886 3917 1017 4013 qui⁴
1084 3913 1187 3986 ost
1237 3913 1421 3990 illum
1454 3913 1812 3987 Moscoviae
1831 3921 2078 4013 potitus
2110 3916 2205 3988 est
2234 3966 2262 4001 ‚
2397 3969 2402 3974 -

72 4016 458 4088 Theodori
493 4010 556 4084 se
591 4013 854 4086 fratrem
876 4063 896 4097 ‚
946 3939 1288 4107 poaquam
1323 4012 1515 4081 Botis
1549 4013 1891 4107 imperium
1913 4006 2218 4083 invaserat
2233 4058 2262 4092 ,

70 4107 448 4207 quaefitum
478 4109 560 4180 ad
592 4129 877 4180 mortem
896 4164 917 4192 ,
962 4110 1035 4192 ὃς
1074 4102 1405 4269 Ιυρρείίίξο
1425 4109 1539 4202 qui
1554 4103 1959 4179 occideretur
1981 4105 2264 4265 aliggki:
