2900 4628
396 215 1435 286 HrsTouranvm
1525 189 1795 287 Lim
1859 167 2001 290 xl.
2157 237 2385 311 ,421-

133 337 547 416 ⁸aqum-ereut-
598 313 736 391 His
800 343 933 394 nos.
1087 343 1308 391 carum
1327 324 1584 392 -arcium
1620 318 1907 417 praefidia
1931 374 1953 405 ,
2003 318 2151 416 pelli
2172 320 2332 394 faei-
2396 338 2614 413 1602:

162 413 256 485 les
297 438 317 484 ε
353 433 497 483 tum
517 411 691 510 ipsos
781 414 979 512 eipub
1005 419 1122 485 icae
1145 468 1167 501 ,
1208 427 1354 487 tum
1374 412 1563 486 sacris
1596 437 1794 511 quem
1822 414 2058 488 ‘vellent
2075 438 2330 489 morem

51 515 52 519 ’
161 508 609 606 imposituros.
636 512 808 580 Non
829 532 1137 607 magnum
1163 509 1565 582 intercedere
1585 509 1874 580 laborem
1891 509 1979 579 ad·
1999 511 2174 582 bona
2194 533 2332 581 ma-
2448 541 2455 546 ·
2541 530 2558 565 ἱ

160 606 701 700 xima,pacemx&
721 602 1105 678 libertatem.
1157 607 1513 676 Mauritius
1533 602 1770 700 triplici
1806 608 2063 703 agmine
2098 609 2157 676 vi
2250 628 2329 675 ue
2381 619 2655 678 maffeius
2690 669 2701 678 .

159 697 349 769 duxit
365 700 721 769 exercitum
761 722 784 767 ε
822 715 1009 771 erant
1042 703 1362 795 equitum’
1374 702 1667 797 quinque
1687 752 1711 789 ‚
1744 704 2035 796 peditum
2051 700 2211 769 οᾶο
2259 723 2327 768 e·
2355 689 2409 745 in
2423 690 2605 775 ’ΨΜ

81 793 90 803 ’
158 796 292 862 cim
312 792 507 863 millia
528 843 551 878 ,
592 815 821 864 currus
841 792 1046 865 ferme
1077 795 1179 865 bis
1201 791 1375 865 mille
1424 817 1448 892 ς
1485 794 1774 866 medium
1804 815 2036 891 agmen
2058 793 2327 867 Wilhel·
2354 762 2516 827 Μ·

158 905 305 957 mus
324 883 668 976 Naffuvius
695 941 716 976 ‚
739 887 1043 976 dextrum
1057 889 1293 961 Verius
1313 940 1335 973 ,
1371 888 1684 961 sinistrum
1705 888 2007 959 Ernestus
2025 887 2333 976 ducebat,

156 980 509 1053 intervallis
532 986 620 1051 ita
642 987 1019 1080 temperatis
1041 1005 1112 1056 ut
1131 988 1311 1054 coire
1330 983 1521 1057 facile
1550 981 1805 1082 possent
1830 1038 1852 1070 ,
1891 987 2151 1053 interim
2170 983 2343 1056 divi-

155 1074 241 1148 fis
264 1075 604 1147 itineribus
616 1076 886 1150 celerius
927 1077 1377 1176 procederent.
1427 1082 1737 1150 Lixarum
1759 1077 1948 1150 turba
1969 1130 1990 1164 ‚
2016 1078 2339 1174 molaeque
2466 1073 2477 1082 ’

157 1173 239 1238 &
257 1169 457 1255 furni,
480 1174 558 1241 &
575 1172 833 1258 cunQa,
855 1174 1008 1245 alias
1030 1172 1296 1247 navibus
1315 1173 1544 1247 advehi
1575 1170 1785 1260 soiita,
1805 1170 2091 1243 terrestri
2111 1175 2338 1244 itinere

153 1268 373 1336 minus
393 1264 749 1337 commode
765 1264 1210 1364 sequebantur.
1232 1270 1342 1342 Ad
1366 1271 1865 1366 Noviomagum
1887 1266 2152 1340 transito
2172 1269 2340 1337 Mo·

82 1445 86 1450 .
151 1354 246 1445 fi,
273 1360 422 1432 inde
447 1363 760 1457 inagnum
805 1363 1168 1434 Leodicum
1208 1361 1432 1451 ducit,
1477 1369 1724 1459 paterni
1743 1361 2077 1460 quondam
2093 1364 2339 1433 exerci-

150 1470 290 1540 tus,
310 1479 446 1525 non
468 1455 705 1529 Albani
723 1460 919 1528 armis
943 1511 964 1545 ‚
981 1454 1088 1531 sed
1108 1456 1281 1530 fame
1299 1458 1565 1545 domiti,
1584 1457 1782 1530 castra
1801 1456 2128 1555 relegens:
2180 1455 2343 1528 ‘uod

144 1550 392 1621 malum
413 1569 486 1619 ut
503 1547 634 1646 ipse
653 1554 885 1623 vitaret
912 1552 1213 1638 3acribus
1234 1557 1425 1625 minis
1450 1556 1819 1651 propinqua
1834 1550 2107 1648 oppida,
2134 1478 2196 1622 sq
2257 1575 2337 1621 n-

144 1661 215 1714 te
234 1647 302 1714 in
326 1641 681 1742 Hispanum
704 1650 1017 1743 proniora
1039 1702 1061 1735 ‚
1104 1652 1288 1755 cogit
1303 1668 1742 1721 commeatum
1765 1650 1833 1716 in
1856 1644 2054 1718 castra
2072 1576 2351 1731 affgge,

145 1742 227 1809 δε
250 1761 446 1833 aequo
468 1743 684 1835 pretio
721 1740 1002 1812 vendere
1024 1794 1047 1827 ‚
1084 1762 1167 1811 ne
1191 1750 1276 1814 hc
1311 1741 1582 1839 quidem
1606 1739 1753 1813 satis
1794 1761 2059 1838 reperto
2081 1794 2102 1828 ‚
2143 1738 2331 1838 quod
2454 1748 2458 1751 ⁴

141 1838 349 1904 tantis
365 1837 578 1930 copiis
600 1831 936 1906 sufficeret.
1002 1837 1531 1933 Decimoquinto
1551 1837 1658 1906 die
1691 1834 2102 1907 Ceutronum
2125 1857 2331 1932 pago,
2529 1851 2539 1863 ·

138 1950 291 2012 non
309 1929 540 2024 procul
562 1930 1018 2013 Tilemontio,
1054 1925 1328 2002 subsedit
1367 1933 1586 2001 omnis
1626 1933 1943 2000 exercitus
1967 1982 1987 2015 ,
2024 1952 2175 1999 cum
2193 1932 2326 2022 jam
2416 1925 2654 2074 Ἢ

141 2021 637 2093 Tilemontium
672 2020 995 2095 Meudofi
1024 2021 1312 2097 venisset.
1364 2028 1563 2095 Hunc
1598 2027 1774 2095 enim
1797 2078 1817 2110 ,
1852 2022 2080 2094 audito
2119 2021 2324 2094 Ordi-
2354 1995 2425 2125 ξ’
2439 2005 2472 2126 ξ
2512 2072 2524 2083 -

134 2136 306 2186 num
332 2117 559 2212 paratu
585 2169 605 2202 ,
631 2111 884 2188 miserat
899 2118 1277 2204 Archidux‚
1313 2118 1545 2190 relieto
1562 2118 1642 2189 ad
1663 2116 2018 2190 Ostendam
2037 2118 2326 2190 Iohanne
2355 2158 2489 2200 m,

131 2210 421 2283 Rivaiio
443 2264 465 2296 ‚
557 2215 619 2281 ui
636 2207 913 2285 servaret
930 2213 1127 2284 castra
1152 2216 1803 2285 &circummuniret.
1855 2210 2137 2285 Persuafi
2156 2269 2175 2300 ‚
2208 2215 2324 2308 qui
2380 2297 2381 2304 ἵ

131 2307 397 2382 Wartae
422 2329 545 2403 age
675 2326 704 2378 t
726 2309 753 2395 ,*
784 2304 1134 2381 intermissa
1168 2306 1530 2396 seditione,
1580 2330 1812 2407 augere
1850 2306 2195 2380 Mendosae
2209 2332 2328 2379 co-
2354 2305 2385 2353 V

180 2407 303 2489 ias,
331 2396 425 2472 ita
443 2401 802 2499 ut'haberet
821 2406 1114 2500 quinque
1136 2403 1429 2500 peditum
1439 2403 1674 2492 millia,
1697 2407 1989 2500 equitum
2014 2425 2320 2503 quatuor.

125 2425 259 2568 Elis
281 2493 647 2594 sejungere
663 2496 870 2592 'jussus
913 2497 1297 2570 Ambrosius
1332 2498 1602 2595 Spinola
1626 2552 1647 2586 ‚
1690 2522 1841 2570 cum
1861 2500 2022 2570 οᾶο
2042 2500 2326 2571 millibus
2406 2523 2412 2529 ·

121 2592 452 2691 Hispanis
473 2612 669 2687 atque
685 2591 860 2664 Italis
881 2643 903 2679 ‚
948 2614 1362 2690 quossecens
1379 2591 1734 2667 adduxerat
1758 2648 1778 2680 ,
1817 2599 1882 2666 in
1905 2593 2078 2692 spem
2101 2593 2331 2693 glorias
2384 2610 2395 2631 ⁴

113 2706 423 2759 conatus
444 2682 657 2757 fiatris
676 2691 1038 2757 maritimos
1057 2739 1078 2774 ‚
1107 2693 1181 2758 &
1203 2710 1340 2758 rem
1362 2686 1712 2783 Hispanam
1729 2688 1902 2759 lecto
1918 2689 2127 2760 milite
2144 2687 2330 2783 adju·
2360 2728 2361 2731 =

121 2802 350 2853 turus.
413 2779 651 2851 Pauus
687 2803 839 2852 cum
877 2780 1187 2879 Philippo
1224 2782 1308 2854 de
1347 2780 1753 2855 restituendis
1788 2782 2105 2853 sumtibus
2136 2836 2156 2868 ,
2196 2778 2328 2878 ipse
2698 2851 2709 2863 ,

120 2873 253 2948 fiiis
272 2876 676 2947 cohortibus
696 2875 1080 2973 stipendium
1102 2876 1431 2973 praebebat
1450 2930 1470 2961 ‚
1491 2881 1595 2963 δε,
1616 2900 1989 2974 quanquam
2013 2873 2327 2946 summam
2428 2908 2433 2913 ·
2550 2956 2556 2965 ‚
2652 2888 2658 2895 ’

119 2969 412 3068 imperii
425 2970 772 3041 obtinente
791 2968 1109 3041 Mendoia
1134 3026 1154 3057 ‚
1186 2974 1285 3068 jus
1308 2968 1585 3041 reddens
1607 2972 1827 3043 iisdem
1853 3025 1874 3056 ,
1923 2969 2183 3041 tenebat
2204 2992 2329 3038 cae-

116 3082 440 3138 terorum
465 3084 535 3132 ut
552 3066 913 3161 inopiae,ita
937 3063 1212 3151 licentiae
1227 3068 1686 3162 impermixtos
1709 3065 1988 3161 :quibus
2011 3064 2138 3134 hoc
2158 3085 2329 3133 con-

120 3158 392 3231 secutus
414 3158 512 3230 ‘est
532 3213 552 3246 ‚
573 3180 645 3228 ut
664 3157 873 3230 nullus
892 3182 1173 3257 unquam
1195 3161 1378 3232 miles
1397 3163 1682 3256 quietius
1708 3165 1781 3230 δε
1800 3158 2113 3232 severiore
2134 3156 2327 3229 disci-

115 3255 318 3355 plina
359 3258 577 3353 egerit
600 3307 623 3341 ‚
665 3254 1098 3351 exemploque
1133 3257 1478 3353 cognitum'
1502 3308 1523 3342 ‚
1563 3257 1694 3327 vim
1737 3254 2025 3326 militaris
2065 3253 2324 3349 imperii

114 3353 428 3448 pecunia,
442 3351 724 3419 maxime
739 3354 1083 3420 contineri.
1141 3353 1275 3420 Pro
1324 3353 1561 3445 inquus
1578 3349 1797 3433 castris
1828 3347 2053 3419 eduxit
2066 3340 2322 3416 Mauri:
2404 3342 2647 3428 offatm

89 3451 251 3545 „tius
273 3447 523 3542 copias
547 3496 565 3529 ,
610 3445 675 3514 in
696 3442 1259 3541 praelium'hostem
1304 3443 1608 3516 aceffens.
1656 3444 1788 3517 Sed
1821 3444 2151 3514 continuit
2172 3439 2317 3512 suos
2341 3416 2645 3563 &4¹:344-

107 3543 298 3615 vallo
321 3536 658 3611 Mendosa
677 3583 700 3625 -‚
737 3530 944 3634 imp&
963 3543 1191 3611 virium
1211 3598 1233 3625 ,
1272 3564 1352 3610 an
1370 3562 1454 3613 ex
1472 3563 1562 3611 ca
1612 3543 1860 3613 tivitate
1882 3535 2120 3607 stadius
2151 3590 2171 3624 ,
2210 3536 2321 3609 ad·
2348 3562 2578 3621 mam,

105 3638 254 3711 buc
278 3641 365 3707 &
387 3631 500 3706 sua
538 3630 780 3704 funesta
817 3634 1094 3730 auspicia
1131 3630 1465 3732 pavescens
1486 3689 1505 3722 ‚
1543 3564 1868 3731 semelque
1900 3651 2168 3729 accepta
2191 3632 2353 3703 cla--

107 3734 204 3805 de
245 3736 322 3801 in
347 3727 696 3827 posterum
733 3729 1163 3801 cunetantior.
1235 3729 1622 3807 Detteuato
1659 3733 2012 3803 certamine
2051 3725 2137 3798 ab
2178 3728 2346 3815 his.

220 3830 242 3897 i
284 3825 468 3919 Iaepe
504 3823 623 3921 ipsi
662 3824 1033 3921 praeliorum
1071 3823 1492 3897 formidinem
1532 3825 1905 3919 objecerant
1944 3877 1964 3910 ,
2013 3842 2322 3894 caeterum
2452 3910 2453 3913 Ἴ

106 3849 409 4009 tiebat
437 3920 746 4017 Princeps
780 3921 1068 4018 ingentia
1099 3942 1319 4019 coepta
1353 3924 1427 3991 'iu
1458 3923 1710 3991 irritum
1734 3917 2030 3990 cecidisse
2073 3941 2091 3987 τ
2132 3922 2334 4013 φής»
2445 3922 2451 3941 ‘·

106 4042 203 4119 pe
230 4018 568 4088 interiora
590 4018 908 4112 penetrari
947 4034 1134 4086 tanto
1164 4019 1422 4112 agmine
1448 4069 1471 4101 ,
1516 4016 1708 4086 arffls
1726 4012 1967 4086 viarum
1993 4065 2017 4099 ‚
2062 4015 2322 4099 inimica

103 4121 302 4191 inter
348 4108 611 4206 oppida
657 4165 678 4202 ‚
715 4111 1096 4210 propinquo
1133 4112 1215 4184 ad
1248 4108 1623 4279 ogadsrones
1668 4109 1855 4183 hoste
1892 4156 1916 4197 ,
1962 4116 2104 4179 non
2135 4124 2329 4200 pote-

383 4242 399 4259 ·
1483 4229 1521 4303 3
2002 4236 2025 4255 ·
2096 4234 2101 4239 ·
2131 4215 2325 4270 rant:

1522 4394 1592 4481 ἢ
