2900 4628
511 132 644 217 284
880 131 1601 202 -HvGoNrs
1717 93 2384 202 enoru-

239 283 441 356 1597,
494 238 834 314 conscium
858 295 879 326 ,
927 240 1085 313 nihil
1117 240 1585 340 postulaturum
1626 239 1908 337 praetulit
1933 293 1955 326 ,
1997 236 2183 334 quod
2221 256 2334 311 aut
2367 237 2520 333 huic
2558 254 2678 311 aut

505 335 630 407 illis
651 333 855 406 fraudi
872 334 1132 408 cederet
1168 359 1189 404 τ
1241 332 1347 407 sed
1368 339 1680 432 quoniam
1705 346 1864 432 pace
1887 338 1962 404 δε
1983 356 2223 405 numen
2242 332 2682 429 divinumpu-

502 432 636 499 rius
671 428 994 500 coleretur
1015 482 1041 514 ,
1095 433 1171 499 δι
1210 429 1486 527 publicae
1519 433 1911 526 privataeque
1949 450 2058 499 res
2091 448 2270 498 extra
2296 426 2448 500 belli
2466 427 2679 509 aleam

501 525 703 594 tutius
744 522 1202 610 consisterent,
1249 524 1387 618 ejus
1420 520 1676 620 sperare
1710 520 1880 595 haud
1914 518 2681 617 ingratumseaqurem

502 615 674 688 fore.
754 618 901 689 Tot
937 615 1119 690 fimul
1159 617 1540 689 concordia:
1576 614 2022 690 hortatoribus
2059 615 2276 689 verbis
2308 614 2571 708 diversis
2603 617 2680 685 in

129 734 134 809 j
218 705 370 833 ἓν
392 719 471 759 ’'⁰-
504 709 776 783 eandem
798 707 1078 782 formam
1100 710 1382 782 Ordines
1404 708 1771 807 rescripsere
1795 734 1814 779 ε
1849 710 1932 781 ad
1959 713 2222 781 Danum
2239 728 2455 780 tamen
2471 730 2684 804 quam

154 784 218 855 -7
276 788 476 903 ‘'⁶5:130-
508 803 592 878 ad
631 824 902 891 caeteros
939 807 1320 876 accuratius.
1388 806 1708 876 Rationes
1737 808 1872 895 jam
1906 804 2249 900 aliquoties
2284 822 2680 875 memoratas

180 860 479 972 wana-a-
515 900 796 973 breviter
838 920 906 969 re
1058 923 1123 969 m
1147 952 1169 986 ‚
1213 921 1336 985 ne,
1371 898 1559 994 quod
1598 899 1718 996 ipfi
1752 899 1916 995 saepe
1950 896 2177 971 eadem
2207 896 2536 969 audiendo
2568 895 2681 967 di-

189 987 481 1079 ‘mum-
520 991 866 1088 cendoque
950 991 1115 1064 stidii
1133 1014 1362 1087 cepere
1382 1045 1404 1078 ,
1454 989 1524 1064 id
1544 996 1610 1065 in
1628 997 1954 1089 legentem
1974 988 2267 1066 transeat.
2320 990 2680 1063 nocebant

517 1085 823 1165 societate
862 1085 1112 1159 Gallica
1144 1083 1553 1182 Anglicaque
1583 1140 1604 1174 ,
1651 1086 1888 1159 deinde
1927 1086 2186 1158 summis
2221 1087 2512 1156 Mauritii
2544 1087 2680 1157 vir-

517 1178 765 1252 tutibus
783 1177 846 1251 se
866 1178 1213 1251 obstruam
1236 1183 1534 1276 privatim
1558 1185 1734 1278 pacis
1752 1181 1926 1279 leges
1955 1204 2076 1253 nec
2096 1178 2263 1252 ferre
2285 1175 2466 1277 posse
2487 1232 2509 1266 ,
2553 1200 2678 1251 nec

512 1279 835 1383 accipere.
906 1270 1124 1367 Qod
1165 1293 1239 1344 ut
1266 1275 1447 1344 nefas
1470 1328 1493 1361 ,
1541 1279 1630 1346 ita
1659 1279 1735 1345 δε
1766 1271 2429 1348 noxiumsearbitrari
2450 1325 2475 1359 ,
2521 1277 2680 1369 quia

507 1393 687 1536 Εὲῗιὶξ
719 1391 904 1531 {⁰²³¹
957 1365 2682 1557 “30¹2533115232330533313203253253223.

476 1554 740 1633 ‚cordes
762 1552 941 1637 facit.
960 1591 989 1649 ,-
1008 1555 1307 1628 Dete&
1335 1553 1521 1628 fimul
1542 1557 1744 1629 literae
1765 1555 2118 1633 Wilhelmo
2137 1556 2511 1628 Clementio
2529 1554 2681 1628 scri-

507 1670 638 1748 ptae
676 1648 1028 1746 Hispanico
1067 1649 1245 1747 apud
1286 1654 1752 1746 hperatorem
1787 1656 2040 1724 oratori
2073 1703 2097 1739 ‚
2159 1656 2306 1747 quae
2339 1649 2480 1747 spec
2513 1650 2681 1723 tales

510 1744 872 1842 proderent
909 1797 933 1831 ,
996 1743 1458 1840 quaefitamque
1491 1769 1574 1817 ex
1597 1750 1789 1844 -pacis
1839 1749 2175 1819 mentione
2213 1748 2471 1820 Batavis
2504 1742 2682 1842 apud

515 1844 881 1913 Germanos
917 1838 1248 1912 invidiam.
1318 1840 1760 1936 Iungebantur
1781 1839 2073 1936 exempla
2088 1843 2318 1912 eorum
2346 1862 2496 1934 quae
2516 1842 2683 1910 Bre-

517 1933 664 2020 dae,
711 1932 1048 2021 Gandavi,
1097 1936 1162 2003 A
1209 1937 1259 2004 ri
1356 1932 1554 2009 ineufi
1591 1937 1657 2007 in
1686 1934 1848 2008 urbe
1867 1935 2049 2021 acta,
2102 1933 2371 2032 &apud
2391 1931 2685 2005 Braban-

519 2050 629 2117 tos
666 2026 1115 2136 Flandrosque
1161 1956 1425 2100 {offies
1462 2027 1715 2136 insidias
1753 2049 2250 2126 promoverant.
2337 2027 2496 2101 Post
2529 2050 2682 2123 quae

396 2134 404 2141 ’
451 2140 459 2149 ·
519 2121 765 2197 nullum
801 2120 862 2193 se
898 2121 1051 2193 belli
1094 2126 1341 2200 exitum
1373 2123 1459 2194 ab
1490 2121 1758 2219 Hispani
1801 2123 1934 2196 fide
1958 2177 1980 2210 ,
2025 2121 2134 2199 sed
2164 2125 2678 2221 primumaDeo

476 2232 480 2236 *
519 2216 874 2289 immortali
911 2235 1242 2286 armorum
1266 2215 1680 2290 moderatore
1703 2270 1724 2304 ,
1771 2237 1909 2290 tum
1935 2272 1959 2304 ‚
1999 2216 2242 2290 fiforte
2267 2268 2290 2303 ,
2337 2215 2676 2313 Belgarum
2793 2264 2800 2270 ·

519 2337 559 2384 e
586 2307 886 2404 consensu
904 2310 1225 2408 opperiri.
1295 2311 1429 2381 Pro
1452 2306 1633 2382 causa
1652 2312 1950 2386 nonnihil
1972 2336 1993 2380 ε
2017 2336 2211 2411 quam
2233 2314 2575 2383 renitentes
2597 2312 2678 2380 &c

569 2430 651 2478 ua
681 2404 932 2501 impulfi
960 2404 1330 2477 necestitate*
1347 2404 1430 2475 ad
1461 2428 1538 2476 ea
1556 2405 1864 2486 veniffent
1886 2459 1908 2496 ‚
1954 2430 2239 2504 quorum
2259 2404 2429 2478 nulla
2458 2404 2684 2502 passcio

516 2430 773 2577 securos
793 2499 974 2570 facit.
1040 2495 1341 2571 Interesse
1379 2504 1456 2570 δι
1490 2503 1891 2588 vicinorum,
1940 2527 2020 2574 ne
2042 2501 2216 2574 bello
2233 2520 2420 2570 tanto
2438 2499 2684 2580 levatus

515 2594 841 2691 Hispania:
879 2596 1033 2669 Rex
1069 2592 1438 2666 deditorum
1456 2594 1702 2667 viribus
1721 2590 2084 2694 augesceret
2125 2621 2148 2667 ε
2191 2618 2330 2693 quo
2349 2594 2455 2665 ille
2476 2595 2688 2690 impe-‘

515 2710 734 2775 trato,
782 2710 1044 2763 centum
1082 2688 1423 2760 hominum
1459 2687 1654 2761 millia
1690 2687 1936 2787 semper
1969 2694 2036 2763 in
2057 2695 2249 2761 armis
2269 2687 2505 2760 lubere
2527 2683 2694 2783 posae„

519 2782 609 2861 set
635 2835 658 2869 ,
702 2807 876 2854 nunc
909 2782 1061 2853 huic
1101 2804 1272 2854 nunc
1310 2781 1404 2853 illi
1437 2786 1902 2880 opprimendo.
1966 2790 2043 2856 ln
2062 2806 2181 2858 ote
2198 2781 2325 2855 effe
2352 2780 2692 2878 Hispani5,·

472 2951 489 2956 ,
517 2881 861 2951 haereticos
903 2876 1357 2950 haereticorum
1392 2875 1699 2975 languine
1735 2875 2086 2953 vincendos
2126 2902 2147 2949 t
2199 2900 2322 2950 nec
2358 2899 2446 2948 eo
2477 2898 2683 2949 voca·

519 2972 678 3045 bulo
697 2968 1102 3042 Reformatae
1123 2973 1331 3069 magis
1355 3025 1379 3058 ‚
1425 2976 1576 3069 quae‘
1592 2973 1831 3057 dicitur
1849 3026 1871 3060 ,
1915 2972 2252 3072 religionis
2268 3025 2290 3060 ,
2319 2994 2519 3070 quam
2543 2975 2683 3061 Au·-

569 3066 799 3140 ustanae
818 3064 1177 3141 -secstatores
1210 3070 1288 3136 δε
1326 3070 1347 3137 i
1398 3067 1610 3140 sorum
1635 3071 1708 3139 &
1733 3067 2078 3140 pontificis
2101 3067 2356 3165 judicio
2371 3087 2682 3160 compre-

563 3163 740 3233 endi.
804 3162 889 3231 Et
921 3163 1073 3255 quia
1097 3161 1363 3256 Reipub
1387 3165 1503 3233 icae
1536 3160 1921 3235 vocabulum
1940 3185 2109 3234 nunc
2128 3185 2267 3232 non
2280 3164 2493 3232 minus
2513 3162 2681 3230 invi-

521 3255 658 3330 sum
695 3278 893 3353 quam
929 3255 1091 3326 olim
1128 3256 1380 3351 populo
1405 3257 1716 3327 Romano
1736 3276 2137 3354 praepotente
2164 3260 2418 3355 regium
2434 3275 2677 3326 nomen

519 3374 660 3424 erat
682 3405 707 3438 ‚
748 3373 825 3419 ac
861 3371 1078 3431 tamen
1097 3374 1245 3423 cum
1267 3348 1390 3421 illis
1410 3350 1717 3446 gentibus
1736 3373 1837 3427 res
1855 3370 1994 3423 erat
2012 3403 2032 3436 ,
2080 3373 2225 3446 quae
2246 3351 2679 3446 principatum

519 3464 738 3528 amant
778 3448 1149 3541 proximum
1176 3442 1505 3528 libertati,
1552 3443 1764 3541 neque
1796 3466 1929 3517 tam
1963 3443 2263 3516 nascendi
2292 3441 2465 3515 sorte
2479 3463 2679 3536 quam

427 3538 431 3542 ’
521 3538 880 3634 cooptandi
909 3538 1164 3633 judicio
1187 3591 1221 3625 ‚.
1253 3537 1439 3633 qnod
1477 3537 1718 3630 Poloni
1751 3543 2033 3636 apertius
2064 3536 2307 3617 servant
2330 3592 2354 3625 ,
2400 3541 2680 3612 Germa-

482 3631 487 3636 ’
523 3639 589 3715 ni
628 3638 702 3703 &
736 3636 909 3702 Dani
952 3635 1300 3728 imaginem
1339 3637 1619 3705 retinent
1642 3687 1662 3719 ‚
1709 3632 1825 3705 suo
1867 3633 1950 3705 de
2097 3637 2293 3704 imine
2308 3629 2590 3704 eundem
2608 3632 2679 3705 in

521 3727 795 3799 modum
811 3724 1260 3821 loquebantur.
1326 3727 1546 3825 Belgae
1567 3779 1589 3814 ,
1626 3732 1926 3824 inquiunt
1955 3781 1977 3815 ‚
2043 3732 2287 3802 crviere
2318 3749 2677 3823 nunquam,

490 3907 499 3920 ι
523 3819 629 3902 sed
673 3824 1013 3915 imperium
1049 3818 1318 3914 legibus.
1389 3825 1642 3917 Legum
1664 3845 1814 3894 cura
1837 3824 1934 3898 his
1955 3822 2202 3895 credita
2216 3847 2256 3894 a
2275 3821 2634 3931 majoribus
2654 3874 2678 3908 ‚

525 3939 696 4014 quos
732 3919 929 3988 virtus
969 3912 1385 3987 monstrabat.
1460 3915 1703 3988 Iustitia
1733 3916 2005 4016 regendi
2044 3937 2382 4013 provocati
2403 3914 2677 3987 affectus

520 4008 949 4115 aparentibus
966 4008 1297 4087 inuberes
1318 4010 1616 4092 tranfietc
1657 4034 1679 4084 ε
1728 4035 1811 4090 ne
1828 4034 1970 4089 tum
1988 4012 2257 4116 quidem
2271 4012 2678 4176 infinitatgso-

1196 4146 1207 4152 -
2444 4125 2508 4180 te
2645 4153 2671 4193 ,
