2900 4628
625 219 759 292 4⁹0
1054 148 2322 287 Hvoomsssaorir

340 302 552 376 1606.
628 305 907 396 strorum
951 309 1219 378 retraxit
1252 309 1480 403 copias
1499 338 1523 393 3
1561 306 1813 381 multos
1853 304 2111 378 suorum
2169 303 2515 379 morbidos
2563 306 2751 379 causi·

626 419 775 486 tus,
826 407 902 471 δι
935 397 1191 472 facilem
1228 399 1383 471 inde
1425 404 1494 471 in
1535 421 1806 471 caetcros
1845 425 2172 497 pavorem.
2239 401 2510 497 Spinola
2531 399 2753 473 solvisse

624 492 946 567 obsidium
986 545 1008 579 ‚
1077 492 1199 565 suis
1233 491 1470 565 auxisse
1502 503 1784 566 animum
1808 550 1831 582 ,
1880 493 2046 566 hosti
2077 492 2464 565 imminuisse
2499 495 2759 594 gloriam

628 589 755 684 pro
794 611 1027 687 magna
1059 588 1332 661 vi&oria
1355 586 1596 658 habuit.
1650 592 1834 663 ’Μοκ
1873 593 2033 659 itum
2053 593 2356 682 utrinque
2378 592 2444 658 in
2483 590 2754 661 hiberna.

619 680 913 774 'Ordines
945 684 1138 758 Foxii
1162 684 1615 755 Germanicam
1656 684 1998 755 cohortem
2028 680 2458 778 conscriptam
2495 682 2624 753 hoc
2650 705 2754 752 an-

626 797 719 844 no
754 772 1079 860 dimisere,
1130 775 1374 870 majora
1446 800 1591 846 uam
1626 781 1844 847 caeteri
1867 774 2177 871 stipendia
2211 794 2569 846 merentem
2592 829 2613 862 ‚
2654 800 2753 847 eo-

624 891 753 964 que
772 870 1071 969 exemplo
1089 892 1374 967 gravem.
1469 889 1677 941 tterra
1693 867 1960 966 quidem
1975 867 2212 940 bellum
2233 869 2353 940 hac
2369 866 2572 940 stetit.
2619 873 2759 939 Ma-

625 966 682 1031 ri
722 962 1072 1059 Hispanico
1096 1015 1118 1048 ,
1166 962 1506 1059 postquam
1543 963 1802 1061 publica
1819 986 1993 1035 arma
2026 960 2448 1033 abscesserant
2473 1016 2494 1048 ,
2546 966 2756 1059 privati

623 1055 798 1127 haud
835 1081 1056 1151 parum
1093 1055 1311 1130 damni
1345 1054 1582 1128 dedere
1625 1081 1645 1126 τ
1697 1078 2074 1155 magnaeque
2099 1053 2759 1153 naves‘Hispanorum

624 1153 892 1224 Batavas
928 1154 1222 1226 insecutae
1256 1150 1535 1249 singular
1568 1153 1644 1221 &
1682 1155 1964 1222 minores
1990 1203 2011 1235 ,
2058 1147 2229 1219 ultro
2264 1149 2609 1245 oppreffae.
2653 1155 2758 1222 Ε·

320 1328 339 1340 ·
366 1256 609 1340 nquior&
637 1242 810 1314 statis
842 1251 1015 1319 exitu
1052 1243 1273 1315 missus
1312 1249 1544 1317 iterum
1581 1248 1956 1316 Hautaenius
1993 1246 2291 1314 America
2325 1242 2639 1341 Indiaque
2664 1241 2763 1315 ad·

311 1325 965 1455 ffifflbventantes
1016 1335 1233 1411 classes
1270 1344 1410 1410 exci
1461 1362 1612 1424 ere,
1660 1341 1887 1435 viginti
1932 1357 2215 1433 quatuor
2270 1361 2423 1408 cum
2467 1342 2728 1435 navigiis
2742 1370 2761 1422 ;
2870 1377 2871 1385 κ

201 1437 210 1456 ”
307 1418 532 1547 '²⁶⁸⁶‘
1166 1458 1171 1503 :
1228 1363 1512 1529 dispuss‘ae
1560 1431 2066 1528 tempestatibus.
2157 1433 2333 1502 Mox
2390 1434 2765 1529 improvidis
2870 1420 2871 1439 ¹

484 1513 504 1533 ’
1166 1525 1512 1599 Fastiardus
1575 1526 1932 1624 supervenit
1969 1579 1990 1613 ,
2055 1526 2239 1621 cujus
2302 1521 2461 1595 odio
2528 1549 2770 1625 magnae

450 1645 456 1652 ·
1166 1643 1266 1693 nes
1353 1639 1591 1693 vocant
1628 1673 1650 1706 ,
1711 1638 1911 1692 vento
1991 1615 2277 1693 secundo
2355 1616 2763 1691 ferebantur:

1166 1736 1263 1811 gae
1307 1736 1497 1786 naves
1521 1766 1544 1801 ‚
1592 1709 1699 1786 sed
1732 1714 1832 1786 hae
1878 1716 2010 1785 vim
2065 1717 2242 1785 venti
2277 1711 2464 1784 baud
2493 1714 2766 1786 serentes

622 1816 829 1899 littori
859 1816 1227 1880 success‘ere.
1324 1808 1417 1880 Vt
1450 1806 1655 1879 moles
1676 1806 2041 1881 Galeonum
2067 1861 2091 1894 ,
2138 1810 2227 1878 ita
2250 1826 2465 1878 terror
2479 1807 2564 1878 ad
2587 1811 2652 1880 id
2672 1810 2765 1879 us:-

623 1922 757 1998 que
787 1907 1102 2000 temporis
1157 1907 1223 1976 in
1270 1924 1383 1973 ens
1413 1923 1554 1974 erat
1593 1926 1614 1971 ε
1668 1904 2091 1997 &quasdam
2123 1899 2282 1971 olim
2331 1900 2634 1996 procellis
2670 1902 2763 1984 di-

623 2017 847 2093 ruptas
879 2018 990 2068 aut
1014 2001 1187 2093 impa
1290 2020 1321 2067 s
1354 1995 1631 2097 scopulis
1661 2049 1682 2083 ,
1731 2000 1802 2065 u't
1825 1999 2247 2067 meminerant
2265 1997 2487 2069 Batavi
2509 2048 2532 2081 ,
2571 2002 2657 2066 ita
2679 1999 2762 2069 vi·

592 2088 872 2160 ¹‹stru-um
905 2091 1134 2188 praelio
1169 2089 1461 2165 nondum
1493 2088 1857 2187 exemplum
1888 2089 2198 2160 exstabat.
2267 2088 2479 2160 Vnam
2502 2090 2758 2175 harum,

629 2183 993 2278 Zelandicae
1039 2190 1182 2257 navi
1224 2210 1261 2257 a
1302 2188 1603 2282 praetoria
1634 2181 1923 2256 secundae
1949 2238 1970 2270 ,
2016 2186 2120 2254 cui
2151 2185 2470 2254 Reinerus
2500 2182 2759 2254 Nicolai

622 2297 934 2375 praeerat‚
956 2281 1044 2354 im
1092 2278 1333 2350 licitam
1358 2334 1377 2366 ,
1414 2282 1503 2353 ita
1517 2280 1907 2353 exhorruere
1922 2281 2134 2349 caeteri
2161 2330 2182 2366 ‚
2201 2295 2273 2374 ut
2297 2274 2760 2376 primumaspe·

620 2372 869 2442 &arent
889 2424 910 2457 ,
958 2374 1022 2442 in
1071 2394 1108 2444 e
1130 2425 1150 2458 ,
1200 2371 1457 2443 suborta
1501 2375 1697 2444 noste
1717 2427 1738 2461 ,
1785 2394 1962 2444 retro
2000 2373 2325 2443 cederent.
2391 2371 2508 2441 me
2529 2396 2563 2441 a
2583 2370 2763 2444 sociis

474 2523 486 2533 .
593 2462 876 2534 ’relistus
900 2521 923 2548 ,
963 2469 1060 2536 vir
1078 2468 1509 2563 magnianimi
1527 2519 1550 2553 ,
1593 2492 1728 2539 non
1754 2485 1968 2539 tamen
1989 2464 2229 2538 destitit
2260 2463 2429 2536 duos
2455 2486 2638 2537 totos
2655 2489 2765 2564 per

620 2558 762 2629 dies
789 2609 809 2643 ,
856 2557 1177 2655 plerisque
1199 2557 1455 2631 suorum
1491 2558 1723 2632 amiffis
1749 2614 1768 2648 ,
1817 2560 1989 2631 malo
2022 2559 2296 2654 disje&o
2319 2613 2342 2646 ,
2389 2560 2599 2632 iacem
2617 2583 2770 2631 nave

622 2657 869 2723 morari
888 2651 1244 2725 victoriam.
1314 2659 1407 2724 At
1425 2653 1770 2753 postquam
1792 2654 1959 2726 nulla
1976 2651 2238 2748 usquam
2255 2651 2488 2725 auxilia
2513 2709 2535 2742 ‚
2563 2647 2638 2724 δὲ
2659 2653 2772 2724 flu·
2842 2736 2858 2743 ,

622 2746 766 2817 &us
799 2745 1183 2844 ingruebant
1206 2802 1228 2836 ,
1275 2773 1356 2821 ne
1389 2754 1537 2847 quis
1554 2755 1731 2831 vivus
1775 2753 1839 2820 in
1873 2747 2254 2846 potestatem
2292 2748 2575 2819 bostium
2594 2752 2776 2821 veni-

629 2860 730 2911 ret
753 2894 773 2923 ,
821 2865 947 2914 una
980 2864 1209 2917 omnes
1238 2842 1609 2918 consensere
1631 2847 1694 2916 in
1733 2843 1978 2914 facinus
2001 2865 2147 2912 acre
2190 2847 2264 2912 δε
2288 2846 2511 2938 patriae
2550 2841 2777 2940 prosu·

308 2970 609 3033 ,ga-my&
629 2951 867 3007 turum.
917 2937 973 3008 F
973 2941 1126 3014 lexis
1142 2941 1414 3038 genibus
1435 2944 1651 3011 Deum
1673 2941 1958 3036 precati,
1977 2939 2231 3007 veniam
2252 2957 2323 3006 nt
2337 2936 2527 3007 daret
2547 2953 2592 3025 ‚·
2639 2935 2775 3007 nod

212 3122 219 3127 .
307 3044 537 3128 αιςὶαιη
634 3024 813 3102 brevi
856 3034 1059 3108 exitio
1101 3034 1378 3125 ludibria
1423 3033 1698 3106 hostium
1730 3029 2105 3128 ‘effugerent
2146 3084 2169 3116 ,
2237 3034 2479 3101 nitrato
2524 2961 2773 3129 paveri

296 3111 507 3192 fm‘
630 3122 954 3197 flammam
973 3133 1269 3227 injiciunt
1314 3153 1336 3198 τ
1383 3152 1458 3200 ea
1478 3132 1569 3200 vis
1591 3125 1910 3222 sexaginta
1929 3126 2222 3196 homines
2238 3122 2525 3222 abripuit
2565 3149 2589 3195 ε
2638 3126 2775 3196 duo

586 3284 601 3299 ,
624 3217 896 3291 semiusti
934 3225 1193 3322 paulum
1213 3225 1612 3325 provixere,
1657 3219 1744 3291 ab
1778 3217 2077 3316 Hispanis
2113 3221 2408 3314 excepti,
2457 3244 2615 3293 cum
2650 3223 2776 3290 mi-

619 3313 839 3385 raculo
854 3309 1282 3414 spectantibus
1303 3316 1610 3388 horridos
1627 3313 1834 3386 vultus
1849 3334 2176 3408 vocesque
2198 3369 2221 3397 ,
2260 3315 2336 3382 &
2356 3314 2420 3384 in
2441 3314 2579 3415 ipsa
2594 3338 2780 3385 mor-

619 3418 686 3479 t'e
720 3415 1216 3487 contumaciam.
1272 3407 1518 3508 Sparfis
1551 3410 1679 3482 huc
1711 3407 1859 3481 illuc
1900 3410 2195 3490 Batavis,
2241 3430 2325 3478 ex
2346 3407 2536 3482 India
2577 3430 2770 3482 naves

617 3501 819 3597 Vlyffi
914 3532 1062 3580 nem
1088 3561 1109 3593 ,
1152 3529 1238 3578 ex
1253 3506 1553 3577 America
1578 3504 1824 3575 Fanum
1845 3498 2132 3573 Luciferi
2154 3498 2448 3573 subeunt.
2508 3502 2648 3578 Sed
2672 3508 2777 3574 In-

616 3595 725 3666 dia
764 3621 801 3668 a
850 3604 1219 3687 ventantes,
1265 3619 1338 3671 ut
1365 3599 1452 3671 ab
1486 3597 1775 3670 hostibus
1819 3618 1996 3666 tutos
2023 3649 2040 3681 ,
2088 3599 2181 3666 ita
2215 3597 2631 3696 tempestates
2675 3591 2776 3665 af·

614 3687 940 3768 flixerant.
1007 3699 1229 3770 Naves
1248 3692 1594 3765 duaehaud
1630 3691 1860 3787 procul
1895 3694 2096 3761 Bonae
2118 3692 2272 3792 Spei
2314 3693 2661 3764 montibus
2670 3690 2776 3784 ja-

613 3780 725 3854 &u
784 3786 961 3862 facto
1005 3794 1224 3862 inanes
1266 3784 1692 3860 Mosambicae
1721 3784 2083 3858 ‘littoribus
2145 3807 2317 3870 mare
2375 3789 2764 3859 vitaverant.

615 3874 798 3950 Duas
819 3882 1042 3956 itidem
1058 3881 1172 3958 sub
1191 3880 1322 3980 ipsa
1354 3886 1525 3982 Tagi
1546 3881 1707 3953 ostia
1737 3878 1967 3951 Ηιιᾶιιε
1987 3878 2309 3966 hauserat,
2359 3879 2623 3952 servatis
2655 3901 2765 3948 ve-

611 3967 943 4062 dotibus,
990 3975 1098 4050 sed
1119 4001 1361 4051 merces
1400 3975 1673 4048 humore
1691 3994 2135 4071 corruperant.
2200 3978 2617 4047 Americanae
2651 3991 2766 4042 na-

613 4079 724 4163 ves
769 4081 1043 4148 numero
1088 4075 1556 4186 quinquaginta
1598 4067 1804 4145 fausto
1852 4073 2152 4173 navigata
2195 4090 2536 4187 argentum
2586 4089 2767 4179 met-

1062 4192 1071 4197 ·
1191 4177 1198 4182 ’
2058 4204 2072 4216 ·
2230 4173 2235 4181 '
2537 4182 2751 4243 cium-
