2900 4628
364 162 1415 261 H‘rsronrARvM
1500 176 1741 260 ωε.
1822 186 1962 261 ix.
2143 187 2270 289 385

98 306 261 380 olim
307 307 557 397 Gallica
605 302 960 401 vestigium
986 302 1332 402 praeferens
1371 356 1393 389 ‚
1426 303 1753 378 *machinis
1780 358 1804 392 ,
1851 321 2123 401 quarum
2165 305 2274 377 so-
2355 313 2559 385 1600.

99 426 259 475 num
303 398 533 474 obseffi
564 399 865 470 audirent
892 449 912 483 ,
935 396 1073 468 iub
1114 401 1460 494 imperium
1491 397 1820 494 agebatur.
1871 403 1954 470 Et
1981 399 2096 495 ipfi
2125 424 2277 496 gra-

100 502 265 570 viter
285 497 442 585 telis
455 491 893 564 sauciabantur
915 544 937 578 ,
986 516 1121 562 non
1145 511 1327 587 aeque
1367 496 1560 571 certis
1571 494 1851 586 jactibus
1886 517 2056 590 quos
2091 516 2279 591 rege-

100 590 335 662 rebant
357 643 379 677 ,
428 590 779 682 multisque
796 585 1154 659 consumtis
1178 640 1199 671 ‚
1232 587 1447 656 coaffi
1483 585 1761 658 latebras
1787 587 1896 657 iub
1918 586 2086 661 vallo
2153 613 2278 659 uae*

101 708 266 757 rere.
363 681 494 756 Sed
521 686 593 752 &
631 679 959 777 lignorum
995 680 1242 776 egestas
1283 686 1358 749 &
1396 681 1891 753 medicaminum
1915 678 2110 776 fatiga
2201 703 2227 753 t
2250 734 2272 768 ,

100 783 307 853 noxio
325 774 723 873 corporibus
754 775 931 844 humi
957 774 1306 870 stagnantis
1334 776 1633 846 madore.
1684 775 1887 872 Spem
1907 774 2130 847 fovere
2151 777 2282 848 Sil-

102 870 471 950 viducenses
492 872 738 941 crebris
759 872 1006 966 ignium
1032 873 1275 965 lignis5
1317 873 1538 940 conati
1582 875 1657 939 &
1700 892 1890 943 naves
1930 871 2276 955 invehere,

101 966 213 1040 sed
236 965 491 1039 frustra.
545 964 744 1034 Venit
784 968 857 1031 &
892 961 1058 1036 duce
1087 965 1353 1033 Velasco
1373 967 1696 1037 exercitus
1724 1018 1745 1051 ‚
1796 986 2030 1062 magua
2075 970 2279 1036 mina·

104 1083 210 1134 tus
262 1085 281 1130 ε
333 1056 439 1131 sed
459 1058 701 1131 nullum
717 1055 801 1133 ad
844 1053 1055 1131 socios
1101 1062 1224 1129 iter
1248 1062 1494 1130 invenit
1520 1111 1541 1143 ,
1568 1059 1782 1132 merfis
1804 1064 2089 1154 undique
2107 1082 2282 1130 cam-

104 1162 253 1255 pis,
304 1174 415 1224 aut
463 1148 731 1224 castellis
774 1150 1202 1224 obstantibus.
1291 1150 1667 1243 Consumtis
1704 1153 1915 1223 multo
1956 1154 2078 1223 'am
2132 1172 2279 1225 vere

102 1254 436 1322 montium
480 1246 730 1318 nivibus
756 1296 779 1329 ,
827 1245 1166 1341 postquam
1206 1246 1501 1317 redditus
1540 1178 2074 1333 fluviis‘morfuffi
2123 1270 2284 1342 pro-

102 1346 359 1417 moveri
396 1339 711 1413 fofforum
733 1340 933 1434 ope'ra
968 1363 1229 1437 coepere
1254 1393 1277 1426 ,
1325 1340 1658 1411 noRurnis
1697 1345 1974 1411 maxime
1992 1342 2281 1413 tenebris

105 1441 391 1510 &Luna
419 1432 807 1508 senescente.-
845 1433 1129 1505 Ventum
1169 1455 1305 1506 erat
1333 1433 1415 1505 ad
1453 1434 1724 1506 loricam
1749 1490 1771 1523 ,
1818 1454 2015 1532 quam
2054 1434 2280 1507 castel-

81 1531 176 1622 lo
193 1529 698 1602 circumduChm
721 1527 1000 1599 diximus
1049 1554 1070 1598 :
1118 1551 1268 1599 cum
1292 1526 1475 1605 miles
1500 1583 1522 1617 ‚
1573 1549 1642 1599 ut
1668 1555 1800 1602 non
1820 1550 2105 1602 extrema
2131 1553 2280 1628 per:-

103 1624 313 1722 pefl‘us
334 1679 356 1711 ,
402 1630 493 1696 ita
511 1620 619 1719 spe
641 1623 1240 1694 certeauxiliorum
1261 1618 1496 1710 nulla,
1542 1626 1889 1697 Mauritius
1913 1623 2276 1697 redimendi
2393 1702 2420 1713 ‚

99 1724 414 1819 temporis
437 1738 753 1828 properus
792 1717 872 1787 ad
893 1716 1311 1788 conditiones
1351 1723 1634 1811 veniunt.
1681 1741 1728 1791 c
1751 1743 1798 1791 x
1823 1739 1942 1839 xxv
1981 1716 2273 1790 floreno·
2357 1730 2533 1821 ozflffi

101 1838 248 1886 rum
292 1814 493 1907 millia
527 1812 677 1909 ipfis
716 1810 1037 1909 persoluta
1076 1863 1100 1897 ,
1150 1835 1296 1907 pars
1334 1811 1538 1883 debiti
1578 1810 1661 1883 ab
1700 1813 1884 1886 hoste
1919 1812 2272 1908 stipendii'‚
2301 1827 2490 1894 σαφῆ·

152 1934 299 1980 uam
331 1910 574 1981 v'iritim
599 1903 885 1976 divisere.
937 1909 1093 1976 Hoc
1181 1908 1349 1976 retio
1382 1926 1629 1976 emtum
1671 1905 1996 1979 castellum
2040 1906 2268 2005 infigni
2339 1912 2369 1945 ⁶
2391 1915 2466 1946 ¹¹
2489 1913 2520 1944 '
2574 1970 2587 2017 Ι

88 2036 89 2039 “
156 2004 418 2075 τιιᾶιιῐει
446 2053 465 2087 ,
514 1997 725 2095 pofitu
761 1997 845 2069 ad
869 1930 1236 2070 Hollandiae
1255 1995 1519 2069 tutelam
1551 1999 1916 2096 apdffimn,
1966 2021 2102 2070 tum
2139 2025 2271 2072 ma-
2288 1957 2512 2092 mm

100 2099 320 2170 chinae
368 2099 440 2164 δι
476 2116 627 2187 quae
644 2096 897 2164 inerant
915 2092 1035 2165 alia
1060 2147 1079 2178 ,
1136 2097 1208 2164 &
1230 2092 1402 2163 mille
1432 2092 1701 2166 ducenti
1725 2095 1974 2167 ‘milites
1995 2148 2017 2181 ,
2068 2115 2271 2167 trans-
2302 2105 2562 2189 mensa-7
2611 2110 2616 2116 ’

56 2228 63 2237 ·
96 2185 381 2303 greffiin
406 2210 620 2285 partes
647 2239 668 2273 ‚
715 2191 830 2282 qui
867 2189 1136 2285 peraffls
1167 2188 1406 2259 laetitiae
1444 2186 1636 2284 fignis
1659 2243 1680 2276 ,
1727 2211 1801 2261 ut
1843 2200 1990 2260 mos
2032 2188 2265 2277 habet,
2300 2176 2596 2305 “mfiw

99 2285 221 2385 ipfi
241 2302 518 2383 quoque
555 2284 636 2354 de
677 2279 735 2352 se
774 2285 1251 2382 triumpharunt
1298 2306 1317 2352 ε
1366 2287 1636 2381 egregio
1675 2307 1832 2357 mox
1868 2282 2045 2372 usui,
2090 2284 2266 2384 post-
2296 2253 2412 2381 sm„
2435 2264 2601 2397 px„

96 2405 301 2477 quam
339 2378 597 2451 desueta
632 2376 892 2448 licentia
925 2382 993 2449 in
1019 2377 1413 2474 disciplinam
1456 2380 1747 2470 rediere3
1795 2378 2267 2478 proscriptique
2302 2409 2544 2470 transgu-

99 2473 399 2547 hostibus
416 2474 808 2545 traditorum
846 2477 1112 2544 nomine
1138 2528 1159 2559 ,
1205 2473 1368 2544 odio
1389 2479 1465 2545 &
1508 2496 1846 2569 poeuarum
1869 2496 2042 2546 metu
2062 2481 2272 2546 acrius
2302 2459 2526 2527 W·

95 2570 575 2665 instigabantur
617 2597 639 2638 .·
685 2566 729 2638 fi
761 2591 895 2638 non
932 2567 1254 2664 probandi
1295 2570 1465 2666 apud
1490 2566 1738 2664 rigidos
1762 2569 2004 2639 'udices
2030 2617 2052 2655 ,
2103 2574 2277 2641 Ger-
2378 2585 2382 2590 ’

97 2663 624 2759 tmdisberganis
663 2683 844 2731 certe
903 2660 1328 2733 excusatiores
1371 2718 1392 2750 ,
1456 2671 1608 2734 cum
1643 2663 1710 2734 hi
1744 2594 1943 2758 ionga
1979 2661 2280 2738 mercede
2351 2670 2358 2680 ‘

94 2757 386 2832 fraudati
409 2753 666 2828 adversa
702 2778 913 2826 tamen
936 2755 1133 2826 castra
1159 2764 1233 2826 δι
1267 2761 1398 2831 vim
1439 2756 1807 2830 bimestrem
1937 2757 2276 2848 rtulerint,

97 2853 191 2925 illi
218 2876 359 2924 non
382 2850 565 2948 justis
585 2852 1031 2945 conquerendi
1051 2849 1247 2922 caufis
1280 2872 1591 2922 mutatam
1632 2851 1834 2924 fidem
1937 2851 2280 2925 buerintin

97 2947 324 3021 lucro.
415 2948 685 3040 Nequis-
712 2967 890 3015 novo
922 2943 1109 3015 militi
1146 2949 1599 3017 transitionem
1634 2946 2059 3043 exprobraret
2077 2945 2282 3018 Ordi-

99 3067 226 3115 nes
244 3039 502 3112 edixere
529 3093 549 3125 ‚
597 3044 782 3135 gnari
801 3038 1147 3111 levioribus
1180 3044 1375 3110 etiam
1399 3039 1482 3110 de
1502 3041 1699 3112 caufis
1723 3039 2016 3110 intestina
2033 3043 2097 3111 in
2122 3063 2285 3139 prae·

95 3135 192 3207 lia
214 3139 379 3204 verti
400 3141 753 3204 exercitum
802 3156 820 3200 :
870 3136 1117 3230 quippe
1149 3157 1300 3203 cum
1337 3158 1583 3230 nuper,
1639 3134 1909 3205 durante
1929 3133 2134 3206 isthoc
2156 3136 2287 3207 oba

98 3229 326 3315 fidio,
369 3229 602 3300 milites
623 3228 759 3299 duo
798 3231 1161 3298 Germanus
1194 3227 1594 3323 Gallosque,
1627 3249 1723 3298 ‘ex
1738 3228 1889 3298 aleae
1910 3233 2043 3298 rixa
2062 3230 2127 3299 in
2164 3252 2287 3327 pu-

100 3345 310 3424 gnam
337 3322 610 3420 prolapli
635 3376 657 3407 ,
708 3321 1050 3419 populares
1076 3326 1351 3417 quisque
1391 3320 1541 3393 suos
1574 3326 1640 3393 in
1662 3323 1869 3393 caedes
1910 3327 1986 3392 δε
2023 3324 2284 3396 vulnera

101 3415 453 3491 miscuisset
473 3470 495 3503 ‚
544 3423 651 3489 vix
672 3440 1018 3513 procerum
1044 3420 1403 3490 interventu
1424 3415 1707 3492 diremto
1727 3420 2098 3496 certamine.
2138 3419 2277 3491 Sub

100 3515 246 3587 boc
274 3535 532 3608 tempus
565 3510 761 3608 longa
797 3515 1156 3609 Groningae
1191 3515 1466 3584 civitatis
1487 3515 1853 3608 pertinacia
1882 3565 1903 3595 ,
1944 3515 2105 3582 iram
2135 3538 2271 3585 non
2350 3528 2600 3618 Gronau

100 3607 405 3705 injustam
422 3604 919 3678 accendentibus
941 3608 1185 3676 aemulis
1207 3661 1229 3690 ,
1252 3627 1529 3678 caeteros
1548 3603 2041 3680 Foederatorum
2060 3611 2272 3705 impu·
2301 3608 2512 3668 civitatis
2530 3627 2603 3699 rq-

100 3703 187 3775 lit
210 3710 279 3774 in
294 3724 448 3773 acre
463 3701 801 3774 consilium
824 3752 846 3785 ,
880 3699 1099 3771 liberis
1151 3724 1234 3771 ue
1254 3701 1556 3799 gentibus
1574 3706 1678 3776 vix
1709 3701 2024 3774 ufitatum.
2079 3704 2270 3775 Plebs
2303 3671 2430 3764 ΜΨ
2453 3696 2604 3762 ΡΨ*

102 3796 343 3893 suopte
359 3799 626 3893 ingenio
645 3794 872 3881 ferox,
923 3799 998 3865 δε
1020 3819 1089 3867 re
1155 3821 1303 3866 ores
1320 3798 1500 3868 nacta
1524 3850 1543 3881 ‚
1641 3802 1700 3866 ui
1725 3795 2016 3892 Hispano
2055 3796 2271 3868 domi·
2309 3781 2594 3887 afim:

104 3912 313 3964 nante
330 3892 571 3962 exiules
597 3944 620 3975 ,
672 3913 890 3985 eoque
908 3911 1078 3961 nunc
1102 3890 1605 4058 fidentiuspopu
1628 3914 1675 3961 o
1691 3891 1753 3962 se
1764 3890 2096 3985 jaffitabant
2113 3945 2134 3979 ,
2179 3897 2274 3963 in·
2307 3909 2432 3952 rum
2457 3915 2491 3952 a

102 3977 548 4082 dignabantur
591 3985 885 4056 duriores
928 3984 1104 4082 leges
1150 4009 1348 4095 quam
1434 3986 1522 4057 ub
1575 3988 1763 4084 Rege
1806 3986 2229 4058 toleraverant
2250 4039 2271 4072 ,
2303 3964 2602 4103 ἕνθ’ξῗφῶ

84 4104 258 4182 equo
275 4081 860 4156 annuente‘domos
878 4083 1199 4158 immunes
1211 4091 1633 4249 ‘imssegrarant
1656 4136 1676 4170 ,
1698 4083 1949 4177 aliaque
1967 4081 2102 4244 silg‘i1
2102 4082 2275 4246 15ng
2302 4096 2554 4189 raim,
2611 4080 2628 4162 J
