2900 4628
451 243 1811 316 Hrsrouraavmrnss
1893 243 1978 312 v·
2174 247 2307 333 263

157 362 407 451 ‘pacem
446 374 585 448 tum
620 352 929 452 speratam
950 409 971 442 ,
1016 354 1277 452 quamfi
1307 352 1688 431 damnosam
1724 356 2074 439 ducerent,
2108 373 2174 427 at
2192 374 2314 424 nec
2385 340 2595 434 1596·

157 449 298 520 -fibi
332 448 486 521 utile
517 447 865 520 duodecim
903 474 1018 548 per
1033 473 1238 522 annos
1259 503 1280 536 ,
1305 474 1310 481 ·
1336 452 1409 518 δε
1438 468 1752 546 quantum
1788 448 1996 520 adhuc
2018 446 2271 518 restaret
2295 499 2319 530 ,

165 542 239 612 se
289 541 730 638 populumque
773 545 1107 615 exhaurire
1150 544 1478 640 perpetuis
1520 542 1769 615 auxiliis
1817 545 1890 610 &
1928 541 2182 612 urbium
2224 544 2325 636 pi-

167 641 375 733 gnori
411 634 1027 709 datarumcustodia.
1099 637 1316 731 Qod
1336 640 1514 706 enim
1537 633 1700 707 istud
1714 635 2112 706 consortium
2128 632 2273 704 fore
2299 685 2322 718 ,

169 730 365 825 cujus
380 731 597 800 omnis
631 738 826 799 nexus
844 729 1109 804 alterius
1133 730 1506 803 exarbitrio
1552 729 1906 826 penderet?
1954 730 2148 821 Qin
2171 727 2331 801 file·-

169 821 829 919 'ges-inspicerentur,
874 828 1057 899 utiR
1145 830 1267 898 inae
1285 824 1610 923 placeret,
1663 846 1785 894 nec
1804 822 1966 893 ultra
2000 818 2351 903 convenil?

169 919 266 988 ie.
345 912 764 1012 Conceptum
803 920 1065 1013 quidem
1111 942 1173 991 xc
1206 924 1341 989 erat
1366 971 1387 1005 ,
1433 914 1538 988 sed
1557 915 1749 988 verba
1773 918 2010 989 honori
2054 917 2201 987 data
2220 938 2330 987 ca-

55 1041 70 1049 -
171 1008 548 1107 ptabantur.
585 1008 887 1082 Addebat
909 1015 1239 1111 Burgleius
1264 1011 1598 1083 Hiberniae
1620 1030 1864 1096 motus»,
1892 1016 1964 1080 δε
1989 1014 2329 1106 proprium

166 1103 437 1268 Arggliae
476 1121 723 1176 metum
752 1101 898 1176 satis
910 1108 1102 1201 justas
1116 1103 1244 1180 effi:
1267 1102 1476 1176 caulas
1496 1156 1516 1190 ‚
1564 1105 1903 1208 curpaffls
1922 1104 2174 1200 Regina
2193 1105 2329 1176 dis-

170 1220 255 1268 ce
303 1216 488 1283 eret,
534 1221 682 1267 cum
717 1203 958 1295 privata
989 1224 1256 1297 quoque
1313 1201 1477 1271 fides
1516 1197 1973 1294 inexipechtis'
1994 1197 2329 1269 eventibus

167 1288 437 1364 liberari
456 1288 709 1364 soleret.
796 1297 974 1391 Ergo
984 1298 1144 1390 juris
1166 1289 1337 1366 diste
1385 1295 1672 1376 tatione,
1720 1295 2278 1388 utinterifipares
2304 1345 2329 1377 ‚

170 1381 414 1456 frustra
441 1408 516 1456 ac
556 1381 703 1456 in's
807 1390 934 1466 iem
972 1385 1259 1485 uiui-pata
1279 1406 1303 1473 ,'
1416 1390 1571 1458 *tavi
1607 1383 1689 1461 ad
1728 1405 1909 1458 vetus
1968 1384 2335 1482 praefidium

172 1500 571 1568 recurrunt,
626 1504 672 1551 o
726 1483 1012 1553 entando
1075 1486 1428 1592 periculum
1475 1482 2081 1578 circumjacentibus
2125 1484 2333 1575 impe-

171 1575 294 1643 riis
323 1626 343 1659 ‚
393 1571 638 1645 fifraffl
677 1574 875 1671 perse
897 1578 1092 1647 animi
1114 1581 1443 1649 civitatum
1476 1573 1796 1669 ejusmodi
1818 1573 2147 1671 postulatis
2166 1574 2336 1666 deji-
2402 1646 2409 1661 ¹
2507 1632 2510 1639 ,

169 1688 487 1751 cerentur
508 1720 532 1754 ,
578 1689 957 1766 tantumque
999 1676 1192 1741 maris
1229 1677 1303 1738 &
1332 1668 1695 1740 divitiarum
1730 1670 2021 1766 Hispano
2059 1667 2332 1739 accede·-

173 1781 305 1831 ret.
403 1763 611 1858 Super
644 1785 793 1858 quae
817 1817 839 1849 ,
883 1788 1033 1833 cum
1066 1785 1308 1857 anceps
1356 1784 1568 1832 rerum
1603 1760 1794 1833 status
1815 1814 1838 1855 ,
1887 1760 2145 1833 &baud
2168 1785 2332 1839 con.-

169 1877 422 1951 gruens
457 1860 752 1931 ineundis
792 1862 1041 1952 accepti
1089 1861 1165 1927 &
1206 1856 1462 1952 expenfi
1509 1857 1867 1927 rationibus
1901 1848 2333 1944 excusaretur,
2366 1904 2377 1915 .

169 1950 463 2043 aliquam
496 1948 712 2019 {altem
741 1947 941 2020 debiti
964 1954 1213 2046 partem
1248 1946 1484 2020 inferre
1498 1949 1696 2044 Angli
1720 1945 2027 2041 jubebant
2046 2000 2067 2034 ‚
2120 1952 2192 2016 δε
2214 1949 2334 2021 ad-

171 2040 402 2115 versus
426 2041 637 2112 futura
671 2042 950 2138 pericula
971 2042 1326 2114 remedium
1355 2065 1489 2112 non
1530 2041 1854 2129 veteribus
1873 2040 2111 2138 pactis,
2160 2043 2337 2116 velut

175 2135 502 2230 cogendo
529 2187 551 2222 ,
638 2159 873 2206 uaerere
895 2190 918 2222 ‚
964 2133 1071 2207 sed
1085 2160 1252 2209 nova
1270 2135 1587 2206 beneficia
1607 2133 1946 2206 testatione
1968 2138 2190 2233 gratia:
2221 2136 2339 2211 de·-

173 2231 448 2300 mereri.
542 2158 863 2301 Oclwtulere
895 2229 1087 2330 legati
1129 2231 1403 2303 multum
1442 2228 1863 2328 deprecantes
1884 2281 1906 2317 ,
1953 2252 2038 2300 ex
2117 2228 2338 2303 raeien·

176 2322 368 2410 tibus
386 2323 684 2418 angustiis
704 2331 1042 2421 pecuniam
1063 2349 1337 2395 annuam
1362 2377 1384 2412 ,
1437 2326 1511 2394 &
1530 2321 1847 2397 residuum
1866 2346 1994 2395 con
2126 2349 2174 2395 o
2195 2327 2336 2402 bel-

169 2416 274 2489 lo.
373 2418 593 2510 Qod
610 2421 865 2515 Regina
890 2473 908 2506 ,
959 2438 1032 2490 ut
1053 2422 1357 2519 exiguum
1378 2471 1400 2506 ,
1419 2416 1763 2491 contemsit
1800 2440 1820 2487 τ
1855 2415 2060 2488 dilato
2076 2420 2339 2493 interim

174 2529 437 2584 terrore
455 2566 476 2598 ,
523 2511 678 2583 dum
696 2536 924 2583 rumor
953 2513 1203 2586 hostilia
1221 2517 1285 2586 in
1304 2514 1500 2611 ipssm
1526 2512 1894 2606 &majores
1916 2508 2127 2585 solito·
2144 2538 2335 2610 para-

176 2625 289 2677 tus
313 2605 397 2676 ab
417 2603 722 2702 Hispania
750 2614 1025 2679 nuntiat.
1093 2609 1343 2680 Rerum
1383 2626 1809 2704 utrarumque
1843 2606 2338 2701 ffipientesjudi·

178 2700 459 2787 mbant,
505 2723 622 2771 uec
642 2701 922 2773 Batavos
948 2706 1021 2772 *in
1117 2703 1175 2774 ia
1211 2702 1415 2798 magis
1452 2703 1657 2798 premi
1688 2753 1711 2788 ,
1762 2723 1958 2796 quam
1996 2699 2065 2769 id
2086 2707 2361 2784 curarc,'

184 2814 260 2865 ut
303 2792 671 2865 societatem
700 2793 817 2886 fibi
852 2817 971 2865 nec
1103 2799 1261 2868 riam
1302 2811 1553 2897 magnae
1578 2793 1846 2890 jacturae
1888 2794 2179 2891 periculo
2214 2795 2338 2867 illi·

181 2907 458 2986 guent,
529 2892 603 2957 &
644 2892 964 2984 Reginam
992 2889 1257 2963 viciffim
1293 2893 1565 2985 pecunia
1597 2909 1816 2959 carere
1876 2909 2070 2984 aequo
2106 2891 2333 2960 animo

184 2980 468 3078 potuiffe
492 3037 515 3070 ,
564 2985 629 3053 ni
648 2981 981 3057 confilium
1015 2982 1131 3081 ipfi
1167 2986 1444 3054 Batavos
1479 2979 1744 3052 subinde
1774 2978 2130 3077 flagitando
2149 2976 2338 3052 suba-

182 3077 339 3146 ἃος
377 3073 729 3152 admonere
745 3076 866 3147 suae
901 3077 1238 3173 potestatis·
1254 3107 1276 3159 ;
1324 3095 1534 3169 neque
1551 3098 1711 3147 vero
1814 3078 1908 3160 ti,
1956 3096 2027 3144 ut
2063 3074 2338 3149 secunda

183 3169 452 3241 fortuna
470 3166 562 3241 sui
589 3169 917 3242 debitores
934 3172 1155 3242 alienis
1185 3164 1561 3241 stamicitiis
1595 3163 1732 3236 inso
1755 3171 1963 3239 entius
1996 3169 2329 3263 jactarent.

185 3269 446 3336 Interea
490 3260 679 3334 misso
710 3267 778 3334 in
811 3264 1114 3362 Angliam
1132 3260 1444 3335 Bulionio
1467 3259 1736 3331 traRum
1758 3261 1870 3333 diu
1909 3261 2131 3335 foedus
2160 3266 2332 3348 inter

189 3359 332 3431 duo
354 3380 549 3453 regna
569 3361 636 3428 in
671 3357 806 3428 baec
820 3362 1148 3430 convenit.
1239 3355 1482 3454 Foedus
1502 3359 1577 3424 δε.
1598 3352 1864 3435 societas
1883 3353 2035 3428 belli
2057 3356 2329 3453 propul-
2361 3352 2655 3437 Foeaeaeiujn.

188 3450 373 3525 findi
408 3450 851 3547 inserendique
887 3455 1024 3560 regi
1050 3449 1413 3541 ‚Galliarum
1434 3501 1460 3539 ,
1480 3459 1486 3490 ³
1503 3441 1846 3521 homini'bu
1930 3473 2008 3520 ue
2051 3451 2281 3548 Anglis
2297 3508 2324 3537 ,
2356 3432 2622 3568 aaz*

191 3548 293 3618 his
329 3545 581 3644 legibus
613 3549 689 3614 δε
730 3546 1214 3618 conditionibus
1248 3543 1412 3617 esto.
1495 3540 1762 3615 Veteres
1807 3469 2137 3640 passiones
2172 3566 2326 3617 ratae
2356 3572 2559 3646 ειψι,

193 3657 529 3711 man‘ento.
618 3641 909 3735 Operam
950 3640 1109 3711 dato
1145 3660 1413 3738 uterque
1434 3691 1458 3725 ,
1502 3657 1575 3709 ut
1611 3641 1933 3737 principes
1975 3663 2330 3738 gentesque
2355 3643 2505 3707 :hm
2513 3647 2661 3722 ὑμὰ·

200 3733 337 3802 aliae
357 3734 528 3805 idem
546 3737 610 3803 in
634 3733 854 3805 foedus
873 3753 1133 3837 coewt.
1183 3736 1281 3803 Ac
1301 3756 1450 3804 cum
1467 3735 1748 3828 primum
1768 3755 1866 3805 res
1884 3733 2069 3805 domi
2092 3735 2329 3825 ferent,

204 3832 565 3898 communis
608 3826 931 3898 sociorum
991 3829 1309 3899 exercitus
1370 3830 1436 3899 in
1501 3845 1734 3898 terram
1801 3829 2095 3916 hostilem
2114 3915 2127 3916 „
2146 3854 2332 3906 arma

206 3919 563 4006 transferat.
629 3922 865 3993 Pacem
903 3927 1184 3994 totiusve
1223 3924 1405 4017 regni
1435 3919 1722 4007 inducias
1746 3923 1927 3995 alteri
1959 3925 2087 3998 fine
2123 3920 2333 3999 altero

253 4033 288 4083 e
339 4011 515 4110 igiffe
558 4015 650 4086 fas
672 4040 753 4087 ne
788 4014 948 4086 esto.
1015 4018 1212 4086 Arma
1236 4020 1308 4086 δι
1330 4038 1477 4110 quae
1508 4011 1679 4087 bello
1719 4016 1853 4089 usui
1891 4024 2057 4090 inter
2078 4019 2137 4090 se
2158 4020 2339 4092 bona.

105 4143 114 4148 ³
147 4146 151 4150 <
200 4037 337 4186 ἔδει
365 4107 662 4211 justoque
681 4112 895 4212 pretio
932 4112 1441 4183 communicent.
1510 4109 1717 4183 Militi
1755 4135 2152 4186 commeatus
2172 4134 2341 4206 prae-

283 4235 292 4243 ·
355 4219 372 4256 2
1231 4203 1301 4275 R
1344 4225 1397 4299 4
1490 4291 1493 4294 Ι
2140 4204 2335 4277 beant

2128 4305 2159 4342 q
