2900 4628
462 150 479 165 o
2401 70 2417 133 l
2483 69 2492 75 .

369 233 1428 329 HISTORIARVM
1517 233 1761 304 [ΑΒ.
1852 233 2071 315 vm.
2177 241 2303 331 369

189 375 341 424 uam
378 349 560 439 ausus
596 353 662 421 in
692 373 891 448 opera
928 350 1221 420 Mauritii
1245 348 1565 422 Mendoia
1615 375 1635 421 ε
1685 347 1790 422 std
1832 352 2099 451 perfuga
2120 378 2310 425 mou·
2376 377 2578 450 1599.

266 466 378 518 nte
395 446 614 519 locum
631 464 968 540 acceperat
989 441 1372 514 Rossemum
1394 442 1581 543 supra
1607 498 1628 531 ,
1667 448 1779 516 ubi
1802 452 2106 543 proxime
2126 451 2309 518 coire

137 541 482 613 fluminum
505 538 877 610 flexus‘ante
903 538 1174 609 relatum
1196 537 1286 607 est
1308 537 1448 609 :ibi
1465 537 1802 611 confilium
1823 541 2099 626 secutus,
2123 541 2308 638 quod

127 639 268 733 jam
288 638 451 708 olim
465 653 725 733 ceperat
751 631 1028 703 Carolus
1068 631 1499 704 Mansfcldius
1525 686 1544 719 ‚
1592 651 1748 704 tunc
1778 658 1932 707 vero
1970 643 2311 733 repetierat

118 731 439 802 -carolus-
464 724 1142 800 Colonna‘Tribunus
1164 780 1185 813 ‚
1232 724 1406 797 idem
1445 732 1561 823 qui
1599 728 1714 798 bas
1743 751 1843 799 res
1882 728 2132 802 summo
2159 751 2308 800 cum

131 824 389 922 judicio
407 848 483 895 ac
504 822 638 893 fide
659 821 1015 918 posteritati
1041 820 1311 893 tradidit
1330 875 1349 907 ,
1380 845 1524 918 pars
1543 820 1676 918 ipse
1695 846 1912 894 earum
1933 823 2099 895 haud
2121 826 2306 894 mini·
2399 898 2404 903 ,

143 943 252 991 ma
273 974 293 1007 ,
331 919 572 1015 justum
587 940 669 986 ex
689 916 890 986 humo
911 913 1228 986 castellum
1250 915 1642 987 moliebatur
1665 970 1685 1002 ‚
1725 918 1909 1013 quod
1924 917 2006 987 ab
2030 919 2308 990 Andreae
2374 911 2634 988 castellnm

145 1015 793 1102 nomineyocitatum
818 1063 839 1096 ‚
862 1009 1013 1080 hinc
1030 1010 1237 1081 Mosae
1260 1010 1410 1081 inde
1434 1008 1659 1082 Vahali
1681 1012 2064 1083 incumbens
2088 1067 2106 1099 ,
2140 1034 2303 1109 aqua
2341 986 2638 1115 anxa

94 1173 101 1185 ,
144 1130 451 1206 terraque
470 1111 597 1178 iter
610 1102 1197 1202 praecluderet.,1ta
1221 1102 1490 1176 insumta
1510 1106 1685 1177 aestas
1711 1161 1730 1193 ,
1762 1107 2122 1204 relictoque
2140 1131 2302 1205 prae-
2337 1147 2422 1188 mr
2467 1126 2638 1205 Hispa.

144 1205 314 1279 sidio
334 1210 385 1273 is
406 1224 570 1271 unus
589 1213 776 1272 tanto
812 1196 1019 1270 labori
1044 1197 1285 1270 fruetus
1316 1196 1623 1297 superfuit
1645 1223 1664 1267 t
1686 1203 1796 1274 reli
1853 1226 1967 1272 uus
1987 1203 2303 1299 milen-per
2338 1221 2448 1259 nm.
2677 1278 2696 1294 .

134 1298 566 1369 *Brabantiam
604 1291 842 1391 sparsus
874 1292 958 1381 ad
994 1292 1316 1365 licentiam
1351 1295 1564 1367 rediit.
1614 1224 2084 1367 Worcssem'um
2123 1297 2303 1369 Hol-
2377 1297 2640 1373 'Wmloe-

143 1393 380 1464 landiae
399 1390 716 1488 oppidum
732 1384 1335 1461 Barlotanofimrno
1352 1387 1487 1459 astu
1507 1393 1665 1485 quin
1686 1411 1941 1486 caperet
1971 1393 2136 1463 haud
2156 1393 2304 1463 lon·
2341 1409 2483 1449 mum
2521 1396 2638 1451 Bar-

87 1496 97 1516 '
144 1484 455 1583 geabfuit
478 1482 619 1554 :sed
634 1506 782 1555 cum
800 1485 866 1552 in
886 1475 1029 1578 ipso
1049 1480 1283 1579 agendi
1305 1482 1463 1553 loco
1485 1480 1821 1555 confilium
1848 1484 2169 1579 traxisset,
2192 1509 2305 1575 eit-
2341 1454 2640 1595 afflustu

140 1583 314 1659 citus
333 1603 370 1648 a
388 1575 785 1676 'speculatore
802 1577 957 1646 civis
979 1580 1255 1647 minimo
1288 1581 1630 1649 antevertit
1662 1576 1742 1647 ad
1764 1599 2022 1674 portam
2044 1604 2315 1680 procur-
2504 1573 2522 1590 ⁹

141 1697 307 1745 rere.
360 1674 541 1767 Qae
565 1673 724 1742 dum
741 1669 995 1742 acribus
1030 1669 1252 1742 studiis
1270 1670 1441 1767 apud
1464 1675 1738 1743 Batavos
1805 1690 2109 1762 eruntur,
2155 1678 2321 1748 Get-

143 1771 317 1840 mani
337 1770 596 1838 interim
610 1762 1189 1864 Hispanique,hinc
1206 1765 1632 1862 ignavia,inde
1653 1766 1783 1836 ludi
1837 1771 1937 1837 rio
1958 1770 2316 1863 certabant:

142 1886 267 1934 nec
290 1860 588 1959 Hispanis
618 1857 723 1930 sua
738 1864 937 1932 virtus
961 1876 987 1944 ,⁴
1030 1864 1277 1956 quippe
1308 1859 1472 1930 alios
1508 1861 1677 1956 apud
1701 1859 1916 1931 hostes
1937 1865 2113 1951 irrita
2141 1918 2161 1951 ,
2213 1861 2321 1951 sed

144 1962 631 2030 Germanorum
651 1951 972 2025 discordia
995 1972 1245 2023 tantum
1273 1951 1619 2024 securitatis
1650 1954 1988 2025 addiderat
2013 2010 2054 2042 ‚.
2074 1978 2147 2028 ut
2166 1980 2324 2053 gen-

143 2073 282 2123 tem
309 2048 744 2122 diuinvifflm
770 2051 844 2116 δε
882 2045 1172 2141 undique
1211 2044 1626 2117 formidatam
1653 2047 1860 2144 palam
1897 2069 2093 2147 atque
2113 2055 2327 2149 impu-¹

146 2169 232 2219 ne
245 2162 762 2215 contemnerent.
814 2143 1093 2237 Qippe
1112 2146 1546 2238 Imperatori,
1571 2140 1892 2241 episcopis
1919 2198 1937 2230 ,
1978 2151 2052 2215 δ(
2070 2142 2327 2237 Roma}-

132 2261 259 2313 ‘nae
273 2237 611 2337 religionis
651 2235 790 2306 aliis
831 2235 1073 2308 bellum
1093 2234 1463 2307 nolentibus
1486 2258 1648 2308 erat.
1703 2237 1978 2310 Seorfim
1999 2243 2325 2339 principes

146 2338 526 2423 Brunovix,
574 2325 807 2402 Hessus
833 2335 908 2401 δε
948 2329 1520 2428 Brandoburgicus
1561 2334 1761 2428 (nam
1796 2334 2114 2406 Palatinus
2137 2334 2197 2406 le
2223 2358 2327 2405 ar-

149 2434 276 2500 mis
303 2427 688 2500 subduxerat
708 2477 730 2511 ‚
761 2428 1139 2523 Maguntini
1163 2428 1238 2495 &
1258 2429 1512 2499 Treviri
1533 2449 1720 2520 exem
1771 2427 1901 2498 lum
1924 2428 2324 2522 obtendens)

148 2522 444 2612 inutilem
490 2524 602 2593 diu
648 2519 922 2593 militem
973 2519 1253 2591 habuere
1299 2543 1318 2588 :
1391 2518 1606 2592 donec
1651 2451 1863 2591 aeleate
1907 2524 2117 2606 media
2152 2530 2324 2598 circa

151 2621 426 2689 Bercam
447 2620 664 2687 coiere
682 2615 769 2686 ad
803 2616 938 2688 duo
972 2619 1266 2709 equitum
1292 2669 1314 2701 ,
1359 2613 1712 2686 duodecim
1753 2616 2042 2711 peditum
2083 2617 2321 2703 millia,

148 2709 394 2785 summa
414 2714 665 2783 Simoni
688 2712 932 2810 Lippio
950 2710 1325 2781 concredita
1349 2740 1369 2797 ·‚
1392 2734 1470 2780 ro
1558 2732 1653 2796 tu,
1677 2730 1748 2780 ut
1768 2705 2046 2800 diximus
2067 2765 2087 2798 ,
2109 2710 2323 2786 West'-
2398 2742 2591 2798 cmm

106 2861 113 2866 -
148 2805 436 2881 falorum
461 2860 482 2893 ,
521 2808 637 2901 qui
659 2828 806 2875 cum
828 2805 893 2875 id
912 2800 1345 2909 impetrass'ent
1366 2858 1389 2890 ‚
1411 2731 1579 2875 adgeao
1601 2802 1908 2902 promissa
1933 2808 2164 2877 auxilia
2187 2831 2321 2880 non
2358 2815 2514 2889 lippia
2542 2814 2668 2898 ἀξια

153 2900 379 2973 misere
403 2954 425 2986 ,
468 2920 540 2968 ut
561 2919 789 2969 contra
808 2899 891 2971 ab
907 2903 1053 2996 ‚ipla
1073 2897 1233 2969 urbe
1253 2897 1537 2968 Colonia
1646 2904 1802 2969 titus
1824 2898 2114 2999 Hispano
2137 2901 2319 2977 milejs
2361 2892 2600 2971 9m⁸

152 2995 233 3070 fit
258 3049 279 3079 ,
316 2997 406 3063 ’δε
429 2994 546 3063 alia
577 2990 729 3064 belli
760 2994 1196 3065 instrumenta.
1245 2995 1405 3062 Dux
1428 3047 1448 3079 ‚
1472 2993 1553 3063 be
1601 2999 1616 3062 i
1641 2991 1703 3064 fe
1720 2997 2128 3090 inexpertum
2150 2993 2320 3067 haud
2356 2954 2626 3086 &²2³3ss

155 3088 547 3182 diffimulans
566 3141 586 3173 ‚
605 3087 989 3159 Hohenloio
1016 3090 1344 3177 Saxonum
1363 3084 1743 3157 inferiorum
1768 3140 1788 3172 ‚
1809 3089 2122 3162 Solmenfi
2145 3088 2319 3160 Rhe·
2359 3101 2509 3158 citum
2528 3097 2622 3156 du-

156 3206 478 3255 nanorum
503 3237 524 3267 ‚
569 3205 741 3277 quos
770 3179 1366 3278 vocant‚praefe&o
1391 3233 1410 3264 ,
1459 3185 1658 3274 quiin
1678 3176 1951 3278 speciem
1997 3185 2327 3255 Ordinum
2365 3187 2499 3260 “ml-
2535 3237 2538 3238 f
2601 3197 2604 3200 '

158 3277 631 3350 foederatorum
670 3276 1062 3346 {aeramento
1117 3278 1402 3345 exierant
1428 3328 1448 3360 ,
1489 3280 1777 3371 regimen
1822 3300 2020 3362 omne
2064 3283 2334 3376 permit·
2447 3271 2454 3280 ’

160 3373 342 3443 tebat
364 3396 383 3439 ε
436 3368 557 3441 nec
580 3372 676 3442 his
697 3369 957 3441 duobus
999 3369 1295 3439 audentia
1315 3369 1538 3439 aberat
1556 3423 1580 3451 ,
1598 3369 1838 3452 laboris
1860 3394 2126 3469 quoque
2150 3370 2335 3458 inde·

157 3466 298 3540 feffi
314 3467 686 3563 agitabant3
730 3462 838 3536 sed
861 3486 1131 3561 uterque
1168 3466 1358 3534 armis
1394 3485 1590 3560 quam
1631 3463 1911 3536 confiliis
1936 3470 2168 3540 melior
2191 3491 2339 3564 per-

156 3583 367 3662 petuo
409 3562 760 3631 certamine
794 3581 931 3629 rem
971 3559 1433 3650 distrahebant.r
1502 3558 1701 3629 Miles
1742 3562 1996 3655 ignarus
2036 3563 2336 3659 oblequii

157 3662 320 3729 vino
340 3678 535 3750 atque
556 3657 822 3751 ignaviae
862 3652 1119 3723 deditus·
1144 3707 1164 3737 ,
1216 3658 1289 3721 δε
1313 3707 1335 3739 ,
1356 3652 1466 3722 ubi
1491 3662 1761 3748 pecunia
1781 3655 2012 3737 nonad
2033 3658 2205 3728 diem
2225 3681 2337 3754 pa·-
2412 3700 2415 3703 -

160 3770 343 3834 rata,
393 3765 688 3844 promtus
715 3745 1032 3819 seditioni.
1088 3741 1430 3816 Castellum
1468 3749 1736 3842 quidem
1772 3747 2206 3846 Hispanorum
2237 3734 2330 3836 ‚ad
2404 3781 2663 3857 Castellmn
2773 3781 2782 3790 ‘

166 3835 435 3915 Beicam
472 3849 756 3939 irrupere
779 3875 800 3926 3
847 3829 1186 3937 multaque
1218 3843 1396 3912 caede
1429 3845 1497 3910 in
1529 3841 1779 3915 caulam
1832 3839 2283 3932 descenderant
2299 3839 2323 3913 ⁵:
2365 3857 2437 3914 ad
2468 3863 2665 3928 Rerum
2764 3871 2768 3875 ¹

163 3937 712 4024 fimulOrsaeum‚
762 3940 1198 4005 Emmericum
1245 3990 1264 4020 ,
1313 3931 1530 4006 inseffa
1568 3933 1896 4036 praefidiis.
1947 3940 2076 4009 Sed
2117 3942 2227 4013 ubi
2250 3938 2342 4009 ad
2371 3929 2662 4004 ‘'WWPW·
2713 3979 2716 3984 -

164 4037 765 4118 Bercamventum3
812 4029 1095 4101 nulli-ad
1134 4029 1455 4102 obsidium
1500 4052 1607 4099 aut
1636 4040 2199 4130 oppugnationem
2223 4056 2336 4128 pa·
2411 4037 2424 4044 “

161 4149 342 4201 ratus
385 4182 408 4215 ,
472 4150 651 4202 extra
691 4127 1016 4199 machinas
1056 4124 1306 4218 aliaque
1337 4149 1375 4195 a
1402 4123 1753 4288 {ceder-atis
1796 4129 2161 4228 Ordinibus
2197 4126 2333 4284 lup:

170 4247 177 4260 ·
304 4257 321 4260 2
1354 4273 1362 4287 i
1503 4242 1539 4289 a
2117 4265 2122 4268 Α
2160 4238 2270 4286 mu
2303 4240 2338 4285 a
