2900 4628
542 180 635 251 24
965 163 1638 237 HvGoNis
1754 162 2381 235 GROTII·

278 278 490 369 1567.
545 267 752 339 tabat.
820 269 1084 365 Scripto
1103 290 1374 366 quoque
1392 269 1578 340 sunm
1595 264 1680 338 ad
1698 265 1954 366 Regem
1976 265 2311 340 confilium
2326 266 2713 362 complexus

546 361 682 465 est,
735 360 847 432 nbi
889 362 1174 435 docebat
1193 415 1215 449 ,
1262 363 1378 435 nisi
1419 363 1518 433 hae
1536 360 1754 435 saltem
1775 365 1888 433 reli
1940 364 2121 433 iones
2140 364 2714 459 permitterentur,

545 479 708 553 quas
737 459 946 529 vicina
977 460 1244 552 imperia
1262 452 1608 534 necessario
1627 461 1841 559 recepi
1896 476 2006 526 ent
2028 508 2049 543 ,
2093 478 2326 551 anceps
2343 452 2715 619 ffidistri-

550 573 701 621 men
722 604 741 634 ‚
791 554 1017 646 utique
1052 549 1368 622 exhaustis
1402 549 1662 647 populis
1702 551 2072 650 opibusque
2101 550 2341 621 damno
2501 550 2715 622 vidto·

114 722 119 735 ,
256 652 521 735 Homnae·
552 647 715 715 riam
752 640 899 714 fore
1011 647 1105 729 At
1140 648 1491 721 Hornanus
1523 640 1670 714 suos
1699 642 1847 718 sein
1918 664 2135 716 enates
2154 644 2190 715 s
2224 647 2560 738 eciemque
2578 648 2712 743 pri-

221 720 335 799 snos
367 721 421 795 s‘
436 739 525 850 a?-
555 740 690 811 vati
722 737 1129 820 condiderat.
1223 742 1347 809 His
1380 736 1708 834 disjeffls,
1752 735 1941 826 facie
1962 740 2104 809 Prae
2307 791 2326 823 ,
2381 760 2529 832 quae
2550 762 2718 809 con-.-

128 906 131 917 ,
222 804 421 931 ἕξω
556 830 778 927 speetu
815 855 953 928 quo
986 856 1085 903 res
1122 828 1426 931 erupisset
1458 884 1480 918 ,
1522 829 1608 901 ad
1628 831 1930 905 damnata
1952 837 2127 928 prius
2146 831 2344 929 Viglii
2364 831 2627 903 consilia
2646 832 2712 904 se

267 937 522 1020 guissano·
559 945 887 1023 receperat
911 979 934 1013 ,
985 926 1303 1009 nobilium
1350 930 1423 995 &
1556 925 1688 1023 puli
1717 926 2053 1024 plebisque
2067 925 2311 997 infimae
2334 950 2534 999 nexus
2555 950 2710 1023 per-.-

232 1022 522 1092 ²¹⁵²⁰''”¹.“²
558 1043 700 1091 rum
818 1042 896 1106 e,
943 1018 1199 1107 resciffis
1219 949 1637 1119 quaeipffiut
1658 1044 1776 1117 per
1794 1021 1958 1093 alios
1981 1040 2065 1118 pe
2114 1022 2318 1122 igerat
2352 1044 2373 1089 :
2426 1024 2714 1117 primum

235 1098 339 1219 3:1⁴
364 1164 426 1227 pr
477 1098 692 1210 :cav'
782 1113 961 1200 ndo,
1009 1138 1168 1185 mox
1206 1119 1530 1212 apertius,
1572 1134 1644 1185 ut
1665 1135 1842 1186 metu
1860 1043 2191 1214 expresqa,
2241 1114 2515 1210 &quasi
2533 1118 2714 1210 prio-

234 1217 526 1306 ἄρηιῷι.
557 1232 660 1279 res
678 1208 783 1278 alii
804 1206 1005 1281 sidem
1022 1205 1356 1281 exuissent.
1410 1212 1591 1287 Nam
1606 1232 1755 1279 cum
1776 1212 1844 1281 in
1863 1208 2205 1307 sacrilegos
2231 1262 2256 1294 ‚
2287 1214 2531 1305 quique
2547 1209 2711 1282 ultra

234 1293 331 1363 ῥ’·
557 1302 753 1389 verba
787 1302 870 1373 ad
908 1305 1072 1384 ritus
1110 1302 1406 1399 publicos
1428 1356 1450 1390 ,
1495 1322 1607 1386 aut
1636 1302 1719 1373 ad
1734 1327 1911 1374 arma
1932 1299 2407 1402 processerant,
2455 1301 2711 1391 secretis

550 1395 852 1491 judicum
883 1395 1198 1486 mandatis
1221 1449 1244 1482 ,
1289 1394 1902 1471 animadverteretur
1939 1451 1962 1485 ,
2009 1402 2226 1470 caeteri
2251 1451 2273 1485 ,
2317 1396 2498 1495 quasi
2531 1396 2711 1475 causa

556 1488 838 1587 dispares
862 1543 894 1576 ,,
929 1513 1050 1569 nec
1072 1494 1239 1562 inter
1259 1489 1326 1576 se
1342 1491 1732 1588 religionum
1750 1492 2114 1573 concordes
2133 1545 2158 1580 ‚
2185 1496 2318 1565 vim
2337 1489 2712 1566 dissociave-

264 1598 504 1656 menei
561 1605 651 1653 re.
726 1586 882 1656 Nec
904 1587 1111 1656 minus
1132 1582 1435 1659 foederati
1457 1585 1710 1656 nobiles
1731 1639 1753 1671 ‚
1799 1584 1909 1684 spe
1927 1608 2040 1661 aut
2060 1607 2238 1659 metu
2256 1584 2521 1670 diversi,
2568 1610 2708 1658 rem

241 1669 411 1744 ⁹⁰⁶3&
428 1688 535 1728 ”m
566 1700 981 1757 communem
1029 1679 1416 1775 prodebant.
1485 1682 1666 1753 Nam
1699 1677 2006 1754 subeunte
2129 1682 2352 1765 ulatim
2383 1679 2708 1765 fastorum

238 1759 542 1893 W
564 1771 959 1863 conscientia
982 1825 1003 1857 ,
1049 1774 1231 1859 fixere
1262 1780 1376 1871 qni
1391 1774 1475 1845 ad
1491 1783 1818 1855 contraria
1835 1798 1958 1874 pro
2070 1781 2162 1851 uti
2186 1830 2209 1865 ,
2255 1778 2504 1849 veniam
2520 1796 2709 1883 para-

244 1896 251 1908 ·
306 1876 331 1890 ·’
428 1886 433 1891 ·
565 1886 753 1938 rent:
800 1868 904 1937 alii
925 1890 1009 1937 co
1062 1868 1347 1940 itributa
1366 1874 1441 1939 &
1463 1869 1773 1956 cohortes
1796 1923 1818 1955 ‚
1839 1891 1914 1942 ut
1933 1875 2195 1967 privatis
2209 1865 2460 1942 insolita
2478 1867 2710 1947 dissua-

446 1980 454 1985 ·
561 1960 764 2045 dent:
796 1962 942 2047 alii,
982 1890 1140 2033 (ἕπῃ
1158 1961 1397 2061 singula
1416 1963 1643 2061 singuli
1662 1973 2022 2054 conantur,
2046 1964 2351 2046 omnibus
2369 1963 2701 2036 excidunt.

560 2056 647 2140 Et
684 2057 810 2148 jam
846 2054 973 2152 ipsa
996 2109 1018 2141 ,
1064 2055 1149 2127 ad
1184 2057 1516 2129 tutandam
1547 2061 1676 2131 vim
1708 2062 2010 2156 imperii,
2057 2079 2291 2157 praeter
2309 2063 2707 2137 Germanum

557 2148 831 2219 militem
857 2198 877 2235 ‚
924 2173 1123 2246 quem
1144 2153 1369 2223 Ericus
1391 2153 1723 2233 Brunovix
1740 2153 2017 2226 ducebat
2039 2205 2059 2239 ‚
2108 2154 2301 2227 alium
2321 2151 2641 2225 conscribi
2666 2176 2709 2223 e

559 2243 946 2333 Walonibus
986 2241 1269 2341 jusserat.
1362 2243 1442 2318 Id
1478 2246 1816 2343 Belgarum
1861 2248 2121 2358 populis
2153 2271 2395 2332 nomen
2411 2246 2545 2334 est,
2590 2250 2708 2342 qui

478 2387 487 2394 -
539 2338 823 2430 Francis
857 2344 1291 2426 contermini,
1342 2342 1574 2413 Gallici
1605 2342 1911 2420 sermonis
1933 2344 2042 2415 usu
2062 2349 2136 2413 δι
2157 2341 2486 2415 ferociore
2497 2341 2582 2413 ad
2601 2364 2708 2411 ar-

234 2460 409 2523 gum«
473 2471 527 2510 μ
560 2456 666 2502 ma
688 2436 966 2529 ¹ingenio
982 2431 1746 2532 emeris-distinguuntur.
1816 2440 1910 2508 At
1928 2461 2068 2532 quo
2093 2438 2289 2509 duces
2310 2433 2486 2507 fidos
2503 2440 2707 2506 inter-.-

224 2526 367 2608 1θὶξό
421 2544 525 2582 ⁰⁶⁶⁵
566 2525 858 2600 nosceret
882 2577 904 2612 ‚
952 2526 1162 2607 verbis
1193 2552 1400 2605 conce
1449 2534 1531 2599 tis
1570 2530 1851 2626 cogebat
1867 2535 2080 2626 jurare
2101 2585 2124 2618 ,
2171 2529 2385 2614 hostes
2400 2529 2515 2616 fibi
2533 2528 2707 2603 futu-2

227 2596 531 2740 ffissfffffl
564 2646 675 2692 ros
693 2644 1122 2718 quoscunque
1140 2624 1287 2692 Rex
1314 2554 1719 2720 dessgnaffet,
1739 2631 1898 2696 citra
1919 2629 2372 2723 exceptionem
2394 2626 2611 2710 ullam3
2634 2624 2705 2696 id

236 2728 428 2812 quoscn'
564 2711 1022 2801 sacramentum
1036 2716 1258 2788 dixere
1274 2717 1653 2815 Egmondus
1673 2773 1694 2808 ,
1716 2720 1991 2793 Carolus
2008 2718 2338 2807 Arscotius
2363 2772 2387 2807 ,
2407 2743 2447 2788 e
2468 2720 2712 2795 croioe

237 2826 325 2864 rex
372 2810 489 2874 άω·
548 2828 706 2880 ‘rum
740 2830 933 2907 gente
958 2864 978 2895 ,
1017 2811 1220 2890 turbis
1259 2810 1582 2909 prioribus
1622 2817 2068 2913 impermixtus
2090 2868 2112 2900 ,
2162 2814 2439 2885 Carolus
2477 2813 2710 2885 Barlae-

231 2882 524 3012 {mam
563 2910 851 2991 montius
867 2906 1133 3000 ejusque
1154 2905 1423 2991 statres3
1476 2905 1772 2979 Comites
1803 2963 1823 2996 ‚
1874 2911 2103 2980 Petrus
2122 2906 2549 2979 Mansfeldins
2572 2912 2707 2996 Lu·

235 2971 416 3098 aliqu
445 3028 531 3085 hoc
561 2997 892 3093 cemburgi
923 2998 1149 3095 praeses
1173 3054 1194 3087 ,
1243 2999 1528 3073 Geldriae
1759 3001 1898 3073 mus'
1926 3054 1947 3086 ‚
1995 3002 2342 3075 Frisiorum
2361 3004 2708 3090 Arembere

228 3097 506 3184 [managu.
560 3097 705 3187 gius
732 3145 771 3177 ,⁴
802 3096 879 3160 &
909 3097 1023 3186 qui
1058 3094 1230 3189 apud
1270 3097 1628 3168 Haenovios
1761 3121 1791 3166 r
1918 3096 1998 3173 fis
2039 3098 2445 3181 Marchionis
2480 3095 2706 3185 locum

237 3181 351 3222 ‘¹⁴²²'
559 3188 864 3276 tuebatur
900 3188 1291 3270 Norcarma.
1358 3192 1590 3272 Statim
1642 3213 1724 3260 ue
1788 3191 1945 3261 affls
1967 3191 2522 3289 comprobavere3
2572 3194 2706 3290 Eg-

559 3281 841 3353 mondus
865 3334 884 3366 ,
933 3286 1002 3351 in
1042 3283 1093 3351 F
1097 3282 1339 3373 landria
1371 3307 1490 3354 eos
1524 3281 1591 3353 di
1648 3283 1941 3359 urbando
1967 3337 1990 3370 ,
2038 3289 2104 3356 in
2134 3308 2414 3380 quorum
2435 3285 2706 3366 tutelam

515 3371 957 3460 ‘consenserat
994 3406 1017 3461 3
1082 3377 1497 3460 Norcarma,
1527 3375 1987 3464 Valentinianis
2005 3383 2270 3474 imperia
2288 3379 2704 3470 detreehnti-

556 3467 678 3539 bus
696 3469 1052 3541 obsidiowad
1071 3469 1470 3541 deditionem
1488 3469 1760 3564 redaffis
1786 3527 1807 3559 ,
1852 3477 2084 3559 acriter
2136 3495 2214 3546 ue
2233 3477 2472 3570 punitis
2494 3507 2516 3560 3
2565 3497 2708 3570 quo

556 3563 858 3658 exemplo
889 3568 1185 3634 maximae
1207 3564 1395 3655 urbes
1418 3617 1439 3650 ‚
1489 3564 1934 3661 positis‘turbis
1957 3620 1977 3652 ,
2034 3496 2184 3638 'ussa
2214 3566 2498 3666 p'raefidia
2517 3579 2705 3659 acce·

241 3688 337 3745 soli
352 3692 525 3746 Aran-
562 3676 719 3748 pere
756 3677 772 3721 :
812 3665 1027 3738 caeteri
1056 3681 1281 3731 manus
1301 3680 1546 3747 temere
1566 3681 1829 3736 coortas
1849 3593 2136 3748 eaedissus
2156 3661 2485 3748 vastantes.
2558 3663 2704 3752 Soli

227 3757 534 3836 fionqnliqgsg
564 3748 1039 3832 Arausionensis
1074 3756 1147 3822 &
1183 3748 1346 3826 Hoo.
1432 3751 1735 3841 stratnnus
1769 3775 2089 3853 negarunt
2110 3775 2290 3828 vetus
2312 3753 2705 3855 sejusjuran-

239 3831 525 3961 fwgbst'dt
562 3841 764 3930 dum,
812 3865 949 3940 quo
984 3847 1192 3941 Princi
1244 3851 1358 3917 iac
1438 3847 1668 3945 egibus
1688 3868 2058 3942 tenerentur
2078 3903 2098 3936 ‚
2142 3850 2273 3920 alio
2293 3869 2707 3946 mutatur-0⁵3

239 3919 465 4039 ὦκ’
556 3937 922 4032 adjecitque
942 3938 1045 4011 ille
1068 3993 1089 4026 2
1110 3965 1160 4010 e
1210 3965 1247 4011 e
1266 3940 1382 4022 fibi
1405 3965 1677 4014 uxorem
1709 3966 1938 4026 eornm
1968 3969 2007 4016 e
2037 3966 2308 4018 numero
2333 3996 2355 4030 ,
2402 3948 2517 4041 qui
2539 3945 2708 4031 istud

298 4042 304 4049 '
437 4037 440 4046 '
480 4057 486 4066 ·
555 4055 671 4131 per
690 4033 1139 4131 jusjurandum
1174 4039 1383 4126 exitio
1414 4035 1901 4131 destinarentur.
1971 4042 2152 4134 Quae
2172 4037 2326 4124 dum
2344 4059 2656 4203 geruntiur
2677 4091 2700 4126 ,

554 4167 561 4172 .
728 4163 739 4174 ,
2361 4151 2370 4159 ·
2468 4137 2559 4220 Hi
2588 4156 2709 4230 Ph

238 3227 367 3297 adm.
