<?xml version="1.0" encoding="UTF-8"?>
<!DOCTYPE html PUBLIC "-//W3C//DTD XHTML 1.0 Transitional//EN"
    "http://www.w3.org/TR/xhtml1/DTD/xhtml1-transitional.dtd">
<html xmlns="http://www.w3.org/1999/xhtml" xml:lang="en" lang="en">
 <head>
  <title>
</title>
<meta http-equiv="Content-Type" content="text/html;charset=utf-8" />
  <meta name='ocr-system' content='tesseract 3.04.00' />
  <meta name='ocr-capabilities' content='ocr_page ocr_carea ocr_par ocr_line ocrx_word'/>
</head>
<body>
  <div class='ocr_page' id='page_1' title='image "./annalesethistor00grotgoog/annalesethistor00grotgoog_0209.png"; bbox 0 0 2900 4628; ppageno 0'>
   <div class='ocr_carea' id='block_1_1' title="bbox 321 214 2346 320">
    <p class='ocr_par' dir='ltr' id='par_1_1' title="bbox 321 214 2346 320">
     <span class='ocr_line' id='line_1_1' title="bbox 321 214 2346 320; baseline 0.012 -26"><span class='ocrx_word' id='word_1_1' title='bbox 321 264 328 273; x_wconf 81' lang='lat'><em>-</em></span> <span class='ocrx_word' id='word_1_2' title='bbox 446 214 1498 307; x_wconf 72' lang='lat' dir='ltr'>nrs‘ro&#39;nrARvM</span> <span class='ocrx_word' id='word_1_3' title='bbox 1574 223 2055 313; x_wconf 62' lang='lat' dir='ltr'>mmm.</span> <span class='ocrx_word' id='word_1_4' title='bbox 2220 223 2346 320; x_wconf 65' lang='lat' dir='ltr'>aih</span> 
     </span>
    </p>
   </div>
   <div class='ocr_carea' id='block_1_2' title="bbox 144 340 2730 2023">
    <p class='ocr_par' dir='ltr' id='par_1_2' title="bbox 152 340 2620 544">
     <span class='ocr_line' id='line_1_2' title="bbox 152 340 2620 456; baseline 0.008 -43"><span class='ocrx_word' id='word_1_5' title='bbox 152 341 734 440; x_wconf 83' lang='lat' dir='ltr'>quamhominum</span> <span class='ocrx_word' id='word_1_6' title='bbox 759 345 1024 444; x_wconf 86' lang='lat' dir='ltr'>imperia</span> <span class='ocrx_word' id='word_1_7' title='bbox 1044 340 1505 443; x_wconf 68' lang='lat' dir='ltr'>prohibebant.</span> <span class='ocrx_word' id='word_1_8' title='bbox 1553 346 1846 429; x_wconf 84' lang='lat' dir='ltr'>Tantum</span> <span class='ocrx_word' id='word_1_9' title='bbox 1885 355 2179 428; x_wconf 81' lang='lat' dir='ltr'>cohortis</span> <span class='ocrx_word' id='word_1_10' title='bbox 2200 379 2346 455; x_wconf 88' lang='lat' dir='ltr'>par-</span> <span class='ocrx_word' id='word_1_11' title='bbox 2415 379 2620 456; x_wconf 67' lang='lat'>1593:</span> 
     </span>
     <span class='ocr_line' id='line_1_3' title="bbox 153 439 2347 544; baseline 0.007 -36"><span class='ocrx_word' id='word_1_12' title='bbox 153 457 302 508; x_wconf 88' lang='lat' dir='ltr'>tem</span> <span class='ocrx_word' id='word_1_13' title='bbox 332 492 354 524; x_wconf 89' lang='lat'>,</span> <span class='ocrx_word' id='word_1_14' title='bbox 402 461 551 534; x_wconf 84' lang='lat' dir='ltr'>quae</span> <span class='ocrx_word' id='word_1_15' title='bbox 575 461 692 536; x_wconf 88' lang='lat' dir='ltr'>per</span> <span class='ocrx_word' id='word_1_16' title='bbox 730 443 1150 511; x_wconf 75' lang='lat' dir='ltr'><strong>Germaniam</strong></span> <span class='ocrx_word' id='word_1_17' title='bbox 1189 440 1558 540; x_wconf 64' lang='lat' dir='ltr'>conscripta</span> <span class='ocrx_word' id='word_1_18' title='bbox 1595 439 1979 544; x_wconf 85' lang='lat' dir='ltr'>Verdugoni</span> <span class='ocrx_word' id='word_1_19' title='bbox 2024 449 2347 522; x_wconf 87' lang='lat' dir='ltr'>succurre-</span> 
     </span>
    </p>

    <p class='ocr_par' dir='ltr' id='par_1_3' title="bbox 147 530 2352 733">
     <span class='ocr_line' id='line_1_4' title="bbox 150 530 2352 633; baseline 0.008 -32"><span class='ocrx_word' id='word_1_20' title='bbox 150 530 281 608; x_wconf 84' lang='lat' dir='ltr'>bat</span> <span class='ocrx_word' id='word_1_21' title='bbox 311 586 334 620; x_wconf 87' lang='lat'>,</span> <span class='ocrx_word' id='word_1_22' title='bbox 384 538 907 604; x_wconf 76' lang='lat' dir='ltr'>armoruminex</span> <span class='ocrx_word' id='word_1_23' title='bbox 994 554 1157 605; x_wconf 90' lang='lat' dir='ltr'>rtam</span> <span class='ocrx_word' id='word_1_24' title='bbox 1193 589 1214 623; x_wconf 88' lang='lat'>‚</span> <span class='ocrx_word' id='word_1_25' title='bbox 1263 535 1448 609; x_wconf 82' lang='lat' dir='ltr'>obvii</span> <span class='ocrx_word' id='word_1_26' title='bbox 1505 539 2052 633; x_wconf 62' lang='lat' dir='ltr'>Mauritianorwn</span> <span class='ocrx_word' id='word_1_27' title='bbox 2077 542 2352 618; x_wconf 65' lang='lat' dir='ltr'>&#39;sudem&#39;</span> 
     </span>
     <span class='ocr_line' id='line_1_5' title="bbox 147 557 2349 733; baseline 0.007 -37"><span class='ocrx_word' id='word_1_28' title='bbox 147 625 450 722; x_wconf 70' lang='lat' dir='ltr'>Aliaque</span> <span class='ocrx_word' id='word_1_29' title='bbox 469 650 585 724; x_wconf 91' lang='lat' dir='ltr'>per</span> <span class='ocrx_word' id='word_1_30' title='bbox 606 630 833 699; x_wconf 90' lang='lat' dir='ltr'>itinera</span> <span class='ocrx_word' id='word_1_31' title='bbox 874 557 1155 700; x_wconf 46' lang='lat' dir='ltr'>fgsstuito</span> <span class='ocrx_word' id='word_1_32' title='bbox 1197 625 1707 723; x_wconf 66' lang='lat' dir='ltr'>conmrsuyarie</span> <span class='ocrx_word' id='word_1_33' title='bbox 1729 654 2084 733; x_wconf 85' lang='lat' dir='ltr'>pugnatum</span> <span class='ocrx_word' id='word_1_34' title='bbox 2109 690 2131 724; x_wconf 88' lang='lat'><strong>,</strong></span> <span class='ocrx_word' id='word_1_35' title='bbox 2178 639 2349 712; x_wconf 81' lang='lat' dir='ltr'>caefis</span> 
     </span>
    </p>

    <p class='ocr_par' dir='ltr' id='par_1_4' title="bbox 149 717 2339 822">
     <span class='ocr_line' id='line_1_6' title="bbox 149 717 2339 822; baseline 0.006 -31"><span class='ocrx_word' id='word_1_36' title='bbox 149 717 303 804; x_wconf 74' lang='lat' dir='ltr'>fere</span> <span class='ocrx_word' id='word_1_37' title='bbox 343 742 455 792; x_wconf 87' lang='lat' dir='ltr'>aut</span> <span class='ocrx_word' id='word_1_38' title='bbox 490 723 760 819; x_wconf 75' lang='lat' dir='ltr'>direptis</span> <span class='ocrx_word' id='word_1_39' title='bbox 797 776 819 810; x_wconf 87' lang='lat'><strong>,</strong></span> <span class='ocrx_word' id='word_1_40' title='bbox 866 736 1038 820; x_wconf 88' lang='lat' dir='ltr'>quos</span> <span class='ocrx_word' id='word_1_41' title='bbox 1078 742 1482 822; x_wconf 77' lang='lat' dir='ltr'>commeatus</span> <span class='ocrx_word' id='word_1_42' title='bbox 1519 747 1634 796; x_wconf 84' lang='lat' dir='ltr'>aut</span> <span class='ocrx_word' id='word_1_43' title='bbox 1664 726 1923 800; x_wconf 68' lang='lat' dir='ltr'>sarcinae</span> <span class='ocrx_word' id='word_1_44' title='bbox 1959 729 2339 804; x_wconf 88' lang='lat' dir='ltr'>onerabant.</span> 
     </span>
    </p>

    <p class='ocr_par' dir='ltr' id='par_1_5' title="bbox 144 813 2730 2022">
     <span class='ocr_line' id='line_1_7' title="bbox 147 813 2348 922; baseline 0.005 -35"><span class='ocrx_word' id='word_1_45' title='bbox 147 813 296 887; x_wconf 85' lang='lat' dir='ltr'>Sed</span> <span class='ocrx_word' id='word_1_46' title='bbox 318 814 597 889; x_wconf 84' lang='lat' dir='ltr'>Wafiam</span> <span class='ocrx_word' id='word_1_47' title='bbox 636 837 870 888; x_wconf 89' lang='lat' dir='ltr'>terram</span> <span class='ocrx_word' id='word_1_48' title='bbox 912 816 1158 890; x_wconf 86' lang='lat' dir='ltr'>tributa</span> <span class='ocrx_word' id='word_1_49' title='bbox 1204 816 1647 914; x_wconf 84' lang='lat' dir='ltr'>aspernantem</span> <span class='ocrx_word' id='word_1_50' title='bbox 1687 844 1873 922; x_wconf 82' lang='lat' dir='ltr'>raptu</span> <span class='ocrx_word' id='word_1_51' title='bbox 1916 847 2232 921; x_wconf 87' lang='lat' dir='ltr'>pecorum</span> <span class='ocrx_word' id='word_1_52' title='bbox 2270 831 2348 898; x_wconf 76' lang='grc' dir='ltr'>δε</span> 
     </span>
     <span class='ocr_line' id='line_1_8' title="bbox 145 911 2347 1019; baseline 0.007 -40"><span class='ocrx_word' id='word_1_53' title='bbox 145 916 574 1009; x_wconf 84' lang='lat' dir='ltr'>captivorum</span> <span class='ocrx_word' id='word_1_54' title='bbox 629 911 977 984; x_wconf 86' lang='lat' dir='ltr'>Solmenfis</span> <span class='ocrx_word' id='word_1_55' title='bbox 1009 913 1334 993; x_wconf 70' lang='lat' dir='ltr'>coercuit.</span> <span class='ocrx_word' id='word_1_56' title='bbox 1420 912 1694 989; x_wconf 83' lang='lat' dir='ltr'>Castella</span> <span class='ocrx_word' id='word_1_57' title='bbox 1740 939 1887 1019; x_wconf 84' lang='lat' dir='ltr'>quae</span> <span class='ocrx_word' id='word_1_58' title='bbox 1922 916 2233 994; x_wconf 84' lang='lat' dir='ltr'>invaserat</span> <span class='ocrx_word' id='word_1_59' title='bbox 2277 925 2347 994; x_wconf 79' lang='lat' dir='ltr'>in</span> 
     </span>
     <span class='ocr_line' id='line_1_9' title="bbox 146 1005 2342 1110; baseline 0.004 -33"><span class='ocrx_word' id='word_1_60' title='bbox 146 1005 430 1078; x_wconf 81' lang='lat' dir='ltr'>tranfitu</span> <span class='ocrx_word' id='word_1_61' title='bbox 464 1058 485 1091; x_wconf 92' lang='lat'><strong>,</strong></span> <span class='ocrx_word' id='word_1_62' title='bbox 537 1027 610 1078; x_wconf 92' lang='lat' dir='ltr'>ut</span> <span class='ocrx_word' id='word_1_63' title='bbox 641 1005 803 1078; x_wconf 87' lang='lat' dir='ltr'>abiit</span> <span class='ocrx_word' id='word_1_64' title='bbox 842 1061 864 1093; x_wconf 84' lang='lat'>,</span> <span class='ocrx_word' id='word_1_65' title='bbox 911 1005 1078 1080; x_wconf 84' lang='lat' dir='ltr'>hosti</span> <span class='ocrx_word' id='word_1_66' title='bbox 1119 1029 1516 1106; x_wconf 84' lang='lat' dir='ltr'>recuperata.</span> <span class='ocrx_word' id='word_1_67' title='bbox 1613 1010 1955 1110; x_wconf 82' lang='lat' dir='ltr'><strong>Philippus</strong></span> <span class='ocrx_word' id='word_1_68' title='bbox 1992 1011 2342 1088; x_wconf 75' lang='lat' dir='ltr'>Naffivius</span> 
     </span>
     <span class='ocr_line' id='line_1_10' title="bbox 149 1099 2337 1199; baseline 0.003 -27"><span class='ocrx_word' id='word_1_69' title='bbox 149 1099 533 1198; x_wconf 85' lang='lat' dir='ltr'>Limburgo</span> <span class='ocrx_word' id='word_1_70' title='bbox 581 1101 991 1194; x_wconf 67' lang='lat' dir='ltr'>circumjeaa</span> <span class='ocrx_word' id='word_1_71' title='bbox 1051 1103 1393 1199; x_wconf 83' lang='lat' dir='ltr'>populatus</span> <span class='ocrx_word' id='word_1_72' title='bbox 1460 1103 1783 1179; x_wconf 83' lang='lat' dir='ltr'>aberravit</span> <span class='ocrx_word' id='word_1_73' title='bbox 1840 1108 1999 1180; x_wconf 89' lang='lat' dir='ltr'>urbe</span> <span class='ocrx_word' id='word_1_74' title='bbox 2049 1131 2071 1177; x_wconf 77' lang='grc' dir='ltr'><em>τ</em></span> <span class='ocrx_word' id='word_1_75' title='bbox 2139 1129 2206 1179; x_wconf 89' lang='lat' dir='ltr'>at</span> <span class='ocrx_word' id='word_1_76' title='bbox 2257 1134 2337 1181; x_wconf 90' lang='lat' dir='ltr'>ue</span> 
     </span>
     <span class='ocr_line' id='line_1_11' title="bbox 144 1193 2730 1300; baseline 0.003 -33"><span class='ocrx_word' id='word_1_77' title='bbox 144 1193 366 1294; x_wconf 69' lang='lat' dir='ltr'>ipsiu-n</span> <span class='ocrx_word' id='word_1_78' title='bbox 396 1197 764 1294; x_wconf 78' lang='lat' dir='ltr'>Principem</span> <span class='ocrx_word' id='word_1_79' title='bbox 811 1219 929 1294; x_wconf 89' lang='lat' dir='ltr'>per</span> <span class='ocrx_word' id='word_1_80' title='bbox 950 1219 1126 1267; x_wconf 89' lang='lat' dir='ltr'>mare</span> <span class='ocrx_word' id='word_1_81' title='bbox 1159 1199 1233 1267; x_wconf 73' lang='lat' dir='ltr'>dc</span> <span class='ocrx_word' id='word_1_82' title='bbox 1270 1197 1557 1271; x_wconf 66' lang='lat' dir='ltr'>aestuaria</span> <span class='ocrx_word' id='word_1_83' title='bbox 1590 1199 1926 1274; x_wconf 62' lang='lat' dir='ltr'>adveffirm</span> <span class='ocrx_word' id='word_1_84' title='bbox 1953 1225 2200 1300; x_wconf 90' lang='lat' dir='ltr'>compo</span> <span class='ocrx_word' id='word_1_85' title='bbox 2251 1225 2334 1273; x_wconf 60' lang='grc' dir='ltr'>τε</span> <span class='ocrx_word' id='word_1_86' title='bbox 2369 1208 2610 1295; x_wconf 61' lang='lat' dir='ltr'>‚Priqtq‘ps</span> <span class='ocrx_word' id='word_1_87' title='bbox 2722 1221 2730 1229; x_wconf 84' lang='lat'>·</span> 
     </span>
     <span class='ocr_line' id='line_1_12' title="bbox 147 1277 2646 1394; baseline 0.002 -30"><span class='ocrx_word' id='word_1_88' title='bbox 147 1294 220 1364; x_wconf 88' lang='lat' dir='ltr'>in</span> <span class='ocrx_word' id='word_1_89' title='bbox 251 1293 511 1390; x_wconf 84' lang='lat' dir='ltr'>Brugas</span> <span class='ocrx_word' id='word_1_90' title='bbox 548 1289 788 1363; x_wconf 83' lang='lat' dir='ltr'>infidiae</span> <span class='ocrx_word' id='word_1_91' title='bbox 829 1288 1239 1378; x_wconf 81' lang='lat' dir='ltr'>fefellerunt3</span> <span class='ocrx_word' id='word_1_92' title='bbox 1288 1292 1423 1390; x_wconf 90' lang='lat' dir='ltr'>ipse</span> <span class='ocrx_word' id='word_1_93' title='bbox 1456 1294 1728 1367; x_wconf 88' lang='lat' dir='ltr'>madore</span> <span class='ocrx_word' id='word_1_94' title='bbox 1747 1318 1832 1368; x_wconf 70' lang='lat' dir='ltr'>‘ae</span> <span class='ocrx_word' id='word_1_95' title='bbox 1864 1294 2111 1394; x_wconf 84' lang='lat' dir='ltr'>frigore</span> <span class='ocrx_word' id='word_1_96' title='bbox 2144 1312 2326 1368; x_wconf 89' lang='lat' dir='ltr'>mor·</span> <span class='ocrx_word' id='word_1_97' title='bbox 2359 1277 2535 1355; x_wconf 54' lang='lat' dir='ltr'>‘&#39;fd&#39;‘</span> <span class='ocrx_word' id='word_1_98' title='bbox 2641 1297 2646 1301; x_wconf 73' lang='grc'><strong>’</strong></span> 
     </span>
     <span class='ocr_line' id='line_1_13' title="bbox 148 1367 2658 1496; baseline 0.003 -39"><span class='ocrx_word' id='word_1_99' title='bbox 148 1382 663 1458; x_wconf 80' lang='lat' dir='ltr'>bumcontraxit</span> <span class='ocrx_word' id='word_1_100' title='bbox 687 1438 709 1471; x_wconf 85' lang='lat'>‚</span> <span class='ocrx_word' id='word_1_101' title='bbox 758 1383 1057 1457; x_wconf 86' lang='lat' dir='ltr'>festinato</span> <span class='ocrx_word' id='word_1_102' title='bbox 1095 1385 1276 1458; x_wconf 90' lang='lat' dir='ltr'>abitu</span> <span class='ocrx_word' id='word_1_103' title='bbox 1313 1392 1491 1459; x_wconf 85' lang='lat' dir='ltr'>navis</span> <span class='ocrx_word' id='word_1_104' title='bbox 1536 1413 1661 1462; x_wconf 88' lang='lat' dir='ltr'>una</span> <span class='ocrx_word' id='word_1_105' title='bbox 1706 1395 2017 1490; x_wconf 78' lang='lat' dir='ltr'>mergitur</span> <span class='ocrx_word' id='word_1_106' title='bbox 2066 1416 2091 1461; x_wconf 70' lang='grc' dir='ltr'><strong>ε</strong></span> <span class='ocrx_word' id='word_1_107' title='bbox 2135 1367 2546 1496; x_wconf 53' lang='lat' dir='ltr'>culpam:</span> <span class='ocrx_word' id='word_1_108' title='bbox 2575 1426 2658 1482; x_wconf 69' lang='lat' dir='ltr'>in·</span> 
     </span>
     <span class='ocr_line' id='line_1_14' title="bbox 146 1477 2659 1576; baseline 0 -25"><span class='ocrx_word' id='word_1_109' title='bbox 146 1483 496 1576; x_wconf 79' lang='lat' dir='ltr'>utriusque</span> <span class='ocrx_word' id='word_1_110' title='bbox 518 1478 704 1552; x_wconf 83' lang='lat' dir='ltr'>casus</span> <span class='ocrx_word' id='word_1_111' title='bbox 732 1477 970 1576; x_wconf 75' lang='lat' dir='ltr'>&#39;penes&#39;</span> <span class='ocrx_word' id='word_1_112' title='bbox 997 1480 1300 1554; x_wconf 74' lang='grc' dir='ltr'>ηοᾶιιιτιί</span> <span class='ocrx_word' id='word_1_113' title='bbox 1333 1485 1584 1555; x_wconf 86' lang='lat' dir='ltr'>itineris</span> <span class='ocrx_word' id='word_1_114' title='bbox 1630 1482 1849 1557; x_wconf 85' lang='lat' dir='ltr'>duces.</span> <span class='ocrx_word' id='word_1_115' title='bbox 1941 1484 2037 1557; x_wconf 80' lang='lat' dir='ltr'>At</span> <span class='ocrx_word' id='word_1_116' title='bbox 2073 1510 2143 1556; x_wconf 89' lang='lat' dir='ltr'>re</span> <span class='ocrx_word' id='word_1_117' title='bbox 2194 1488 2322 1556; x_wconf 88' lang='lat' dir='ltr'>ium</span> <span class='ocrx_word' id='word_1_118' title='bbox 2339 1492 2481 1568; x_wconf 72' lang='lat' dir='ltr'>fidia</span> <span class='ocrx_word' id='word_1_119' title='bbox 2509 1498 2659 1556; x_wconf 72' lang='lat' dir='ltr'>adn.</span> 
     </span>
     <span class='ocr_line' id='line_1_15' title="bbox 149 1575 2617 1695; baseline 0.003 -51"><span class='ocrx_word' id='word_1_120' title='bbox 149 1585 270 1684; x_wconf 81' lang='lat' dir='ltr'>per</span> <span class='ocrx_word' id='word_1_121' title='bbox 326 1580 685 1646; x_wconf 87' lang='lat' dir='ltr'>exercitum</span> <span class='ocrx_word' id='word_1_122' title='bbox 732 1579 1067 1646; x_wconf 87' lang='lat' dir='ltr'>minuente</span> <span class='ocrx_word' id='word_1_123' title='bbox 1116 1575 1325 1648; x_wconf 90' lang='lat' dir='ltr'>rursus</span> <span class='ocrx_word' id='word_1_124' title='bbox 1379 1584 1657 1675; x_wconf 87' lang='lat' dir='ltr'>pecunia</span> <span class='ocrx_word' id='word_1_125' title='bbox 1710 1577 1939 1652; x_wconf 88' lang='lat' dir='ltr'>seditio</span> <span class='ocrx_word' id='word_1_126' title='bbox 2045 1578 2164 1651; x_wconf 89' lang='lat' dir='ltr'>isce</span> <span class='ocrx_word' id='word_1_127' title='bbox 2214 1601 2279 1651; x_wconf 88' lang='lat' dir='ltr'>at</span> <span class='ocrx_word' id='word_1_128' title='bbox 2301 1612 2323 1665; x_wconf 86' lang='lat'>3</span> <span class='ocrx_word' id='word_1_129' title='bbox 2351 1582 2617 1695; x_wconf 43' lang='grc' dir='ltr'>ᾖΜ-</span> 
     </span>
     <span class='ocr_line' id='line_1_16' title="bbox 149 1659 2614 1771; baseline 0.001 -29"><span class='ocrx_word' id='word_1_130' title='bbox 149 1672 349 1742; x_wconf 78' lang='lat' dir='ltr'>mitio</span> <span class='ocrx_word' id='word_1_131' title='bbox 365 1691 586 1761; x_wconf 81' lang='lat' dir='ltr'>motus</span> <span class='ocrx_word' id='word_1_132' title='bbox 608 1670 691 1742; x_wconf 86' lang='lat' dir='ltr'>ab</span> <span class='ocrx_word' id='word_1_133' title='bbox 716 1667 1016 1766; x_wconf 85' lang='lat' dir='ltr'>Hispanis</span> <span class='ocrx_word' id='word_1_134' title='bbox 1068 1693 1089 1737; x_wconf 73' lang='grc' dir='ltr'><strong><em>ε</em></strong></span> <span class='ocrx_word' id='word_1_135' title='bbox 1138 1690 1445 1768; x_wconf 89' lang='lat' dir='ltr'>tantaque</span> <span class='ocrx_word' id='word_1_136' title='bbox 1469 1670 1698 1743; x_wconf 88' lang='lat' dir='ltr'>Caroli</span> <span class='ocrx_word' id='word_1_137' title='bbox 1738 1675 2000 1747; x_wconf 86' lang='lat' dir='ltr'>Mansfe</span> <span class='ocrx_word' id='word_1_138' title='bbox 2025 1672 2160 1763; x_wconf 84' lang='lat' dir='ltr'>dii,</span> <span class='ocrx_word' id='word_1_139' title='bbox 2192 1680 2323 1771; x_wconf 81' lang='lat' dir='ltr'>qui</span> <span class='ocrx_word' id='word_1_140' title='bbox 2354 1659 2614 1770; x_wconf 35' lang='lat' dir='ltr'>„Q-,f&#39;ff‘</span> 
     </span>
     <span class='ocr_line' id='line_1_17' title="bbox 151 1762 2652 1864; baseline 0.004 -31"><span class='ocrx_word' id='word_1_141' title='bbox 151 1784 471 1862; x_wconf 78' lang='lat' dir='ltr'>praeerat,</span> <span class='ocrx_word' id='word_1_142' title='bbox 519 1768 929 1838; x_wconf 82' lang='lat' dir='ltr'>irreverentia</span> <span class='ocrx_word' id='word_1_143' title='bbox 957 1817 977 1849; x_wconf 89' lang='lat'>,</span> <span class='ocrx_word' id='word_1_144' title='bbox 1027 1784 1099 1835; x_wconf 89' lang='lat' dir='ltr'>ut</span> <span class='ocrx_word' id='word_1_145' title='bbox 1121 1762 1340 1836; x_wconf 67' lang='lat' dir='ltr'>missos</span> <span class='ocrx_word' id='word_1_146' title='bbox 1379 1763 1688 1864; x_wconf 71' lang='lat' dir='ltr'>adipsum</span> <span class='ocrx_word' id='word_1_147' title='bbox 1706 1773 2321 1840; x_wconf 83' lang='lat' dir='ltr'>commeatusinter·</span> <span class='ocrx_word' id='word_1_148' title='bbox 2475 1785 2652 1843; x_wconf 56' lang='lat' dir='ltr'>iimm-</span> 
     </span>
     <span class='ocr_line' id='line_1_18' title="bbox 150 1853 2612 2022; baseline 0.002 -92"><span class='ocrx_word' id='word_1_149' title='bbox 150 1863 444 1958; x_wconf 87' lang='lat' dir='ltr'>ciperent</span> <span class='ocrx_word' id='word_1_150' title='bbox 922 1857 1206 2022; x_wconf 57' lang='lat' dir='ltr'>{apitium</span> <span class='ocrx_word' id='word_1_151' title='bbox 1228 1858 1557 1932; x_wconf 83' lang='lat' dir='ltr'>detestatae</span> <span class='ocrx_word' id='word_1_152' title='bbox 1577 1861 1691 1933; x_wconf 87' lang='lat' dir='ltr'>diu</span> <span class='ocrx_word' id='word_1_153' title='bbox 1707 1882 1955 1934; x_wconf 76' lang='lat' dir='ltr'>caetorae</span> <span class='ocrx_word' id='word_1_154' title='bbox 1975 1866 2269 1934; x_wconf 89' lang='lat' dir='ltr'>nationes</span> <span class='ocrx_word' id='word_1_155' title='bbox 2296 1916 2316 1950; x_wconf 88' lang='lat'>,</span> <span class='ocrx_word' id='word_1_156' title='bbox 2345 1853 2407 1910; x_wconf 53' lang='grc' dir='ltr'>*θ’</span> <span class='ocrx_word' id='word_1_157' title='bbox 2437 1854 2612 1916; x_wconf 54' lang='lat'>“¹5¹¹&#39;‘-</span> 
     </span>
    </p>

    <p class='ocr_par' dir='ltr' id='par_1_6' title="bbox 927 1978 967 2023">
     <span class='ocr_line' id='line_1_19' title="bbox 927 1978 967 2023; baseline 0 -2"><span class='ocrx_word' id='word_1_158' title='bbox 927 1978 967 2023; x_wconf 81' lang='lat' dir='ltr'>U</span> 
     </span>
    </p>
   </div>
   <div class='ocr_carea' id='block_1_3' title="bbox 143 1951 2646 2260">
    <p class='ocr_par' dir='ltr' id='par_1_7' title="bbox 143 1951 2646 2260">
     <span class='ocr_line' id='line_1_20' title="bbox 147 1951 2402 2053; baseline 0.002 -29"><span class='ocrx_word' id='word_1_159' title='bbox 147 1977 314 2027; x_wconf 87' lang='lat' dir='ltr'>mox</span> <span class='ocrx_word' id='word_1_160' title='bbox 347 1951 487 2026; x_wconf 86' lang='lat' dir='ltr'>viso</span> <span class='ocrx_word' id='word_1_161' title='bbox 994 1953 1323 2026; x_wconf 84' lang='lat' dir='ltr'>mantibus</span> <span class='ocrx_word' id='word_1_162' title='bbox 1358 1953 1705 2051; x_wconf 84' lang='lat' dir='ltr'>stipendia,</span> <span class='ocrx_word' id='word_1_163' title='bbox 1745 1959 1967 2053; x_wconf 86' lang='lat' dir='ltr'>negari</span> <span class='ocrx_word' id='word_1_164' title='bbox 1996 1952 2324 2052; x_wconf 83' lang='lat' dir='ltr'>quiescen-</span> <span class='ocrx_word' id='word_1_165' title='bbox 2392 2004 2402 2019; x_wconf 88' lang='lat'><strong>·</strong></span> 
     </span>
     <span class='ocr_line' id='line_1_21' title="bbox 145 2045 2325 2146; baseline 0 -26"><span class='ocrx_word' id='word_1_166' title='bbox 145 2048 328 2120; x_wconf 88' lang='lat' dir='ltr'>tibus</span> <span class='ocrx_word' id='word_1_167' title='bbox 351 2101 373 2134; x_wconf 88' lang='lat'><strong>,</strong></span> <span class='ocrx_word' id='word_1_168' title='bbox 416 2045 488 2116; x_wconf 85' lang='lat' dir='ltr'>ad</span> <span class='ocrx_word' id='word_1_169' title='bbox 922 2053 1163 2120; x_wconf 73' lang='lat' dir='ltr'>inavere</span> <span class='ocrx_word' id='word_1_170' title='bbox 1200 2073 1221 2118; x_wconf 77' lang='lat' dir='ltr'><em>z</em></span> <span class='ocrx_word' id='word_1_171' title='bbox 1271 2050 1643 2146; x_wconf 69' lang='lat' dir='ltr'>exaEtisque</span> <span class='ocrx_word' id='word_1_172' title='bbox 1663 2049 1979 2136; x_wconf 87' lang='lat' dir='ltr'>ducibus,</span> <span class='ocrx_word' id='word_1_173' title='bbox 2025 2073 2196 2146; x_wconf 88' lang='lat' dir='ltr'>quos</span> <span class='ocrx_word' id='word_1_174' title='bbox 2216 2074 2325 2121; x_wconf 74' lang='lat' dir='ltr'>re-</span> 
     </span>
     <span class='ocr_line' id='line_1_22' title="bbox 143 2139 2646 2260; baseline -0 -44"><span class='ocrx_word' id='word_1_175' title='bbox 143 2142 278 2216; x_wconf 88' lang='lat' dir='ltr'>bus</span> <span class='ocrx_word' id='word_1_176' title='bbox 302 2139 488 2210; x_wconf 89' lang='lat' dir='ltr'>turba</span> <span class='ocrx_word' id='word_1_177' title='bbox 922 2162 1100 2214; x_wconf 89' lang='lat' dir='ltr'>utant</span> <span class='ocrx_word' id='word_1_178' title='bbox 1125 2195 1147 2229; x_wconf 88' lang='lat'>‚</span> <span class='ocrx_word' id='word_1_179' title='bbox 1197 2141 1522 2216; x_wconf 82' lang='lat' dir='ltr'>viliffimus</span> <span class='ocrx_word' id='word_1_180' title='bbox 1554 2146 1830 2241; x_wconf 86' lang='lat' dir='ltr'>quisque</span> <span class='ocrx_word' id='word_1_181' title='bbox 1864 2141 2174 2217; x_wconf 91' lang='lat' dir='ltr'>consensu</span> <span class='ocrx_word' id='word_1_182' title='bbox 2191 2167 2323 2215; x_wconf 57' lang='lat' dir='ltr'>maa</span> <span class='ocrx_word' id='word_1_183' title='bbox 2396 2181 2646 2260; x_wconf 42' lang='lat' dir='ltr'>mst-</span> 
     </span>
    </p>
   </div>
   <div class='ocr_carea' id='block_1_4' title="bbox 80 2234 2657 4038">
    <p class='ocr_par' dir='ltr' id='par_1_8' title="bbox 142 2234 2657 2715">
     <span class='ocr_line' id='line_1_23' title="bbox 142 2234 2657 2336; baseline 0 -26"><span class='ocrx_word' id='word_1_184' title='bbox 142 2234 532 2336; x_wconf 79' lang='lat' dir='ltr'>nipulorum</span> <span class='ocrx_word' id='word_1_185' title='bbox 568 2235 1063 2335; x_wconf 71' lang='lat' dir='ltr'>praeficiebatur.</span> <span class='ocrx_word' id='word_1_186' title='bbox 1162 2240 1223 2308; x_wconf 77' lang='lat' dir='ltr'>Is</span> <span class='ocrx_word' id='word_1_187' title='bbox 1258 2242 1407 2310; x_wconf 81' lang='lat' dir='ltr'>vitae</span> <span class='ocrx_word' id='word_1_188' title='bbox 1439 2243 1746 2334; x_wconf 84' lang='lat' dir='ltr'>necisque</span> <span class='ocrx_word' id='word_1_189' title='bbox 1784 2237 2093 2310; x_wconf 85' lang='lat' dir='ltr'>dominus</span> <span class='ocrx_word' id='word_1_190' title='bbox 2115 2240 2321 2311; x_wconf 54' lang='lat' dir='ltr'>‘terret</span> <span class='ocrx_word' id='word_1_191' title='bbox 2343 2269 2462 2310; x_wconf 70' lang='lat' dir='ltr'>nan</span> <span class='ocrx_word' id='word_1_192' title='bbox 2486 2258 2606 2335; x_wconf 55' lang='lat' dir='ltr'>regas.</span> <span class='ocrx_word' id='word_1_193' title='bbox 2628 2253 2657 2265; x_wconf 70' lang='grc'>“’</span> 
     </span>
     <span class='ocr_line' id='line_1_24' title="bbox 145 2329 2478 2444; baseline -0 -37"><span class='ocrx_word' id='word_1_194' title='bbox 145 2334 256 2407; x_wconf 64' lang='lat' dir='ltr'>fin&#39;</span> <span class='ocrx_word' id='word_1_195' title='bbox 325 2331 439 2428; x_wconf 60' lang='lat' dir='ltr'>vlos</span> <span class='ocrx_word' id='word_1_196' title='bbox 463 2385 484 2417; x_wconf 92' lang='lat'>‚</span> <span class='ocrx_word' id='word_1_197' title='bbox 521 2356 749 2404; x_wconf 87' lang='lat' dir='ltr'>omnes</span> <span class='ocrx_word' id='word_1_198' title='bbox 771 2338 961 2412; x_wconf 86' lang='lat' dir='ltr'>timet</span> <span class='ocrx_word' id='word_1_199' title='bbox 983 2387 1004 2419; x_wconf 90' lang='lat'>,</span> <span class='ocrx_word' id='word_1_200' title='bbox 1040 2336 1542 2444; x_wconf 81' lang='lat' dir='ltr'>&#39;precariumque</span> <span class='ocrx_word' id='word_1_201' title='bbox 1581 2357 1716 2405; x_wconf 91' lang='lat' dir='ltr'>non</span> <span class='ocrx_word' id='word_1_202' title='bbox 1755 2339 2040 2433; x_wconf 85' lang='lat' dir='ltr'>regimen</span> <span class='ocrx_word' id='word_1_203' title='bbox 2062 2329 2317 2423; x_wconf 65' lang='lat' dir='ltr'>modo‘,</span> <span class='ocrx_word' id='word_1_204' title='bbox 2346 2342 2478 2386; x_wconf 72' lang='lat'>&#39;&#39;²⁰&#39;-</span> 
     </span>
     <span class='ocr_line' id='line_1_25' title="bbox 147 2356 2525 2543; baseline 0.001 -44"><span class='ocrx_word' id='word_1_205' title='bbox 147 2356 331 2501; x_wconf 52' lang='lat' dir='ltr'>fef(u</span> <span class='ocrx_word' id='word_1_206' title='bbox 350 2431 565 2500; x_wconf 88' lang='lat' dir='ltr'>iritum</span> <span class='ocrx_word' id='word_1_207' title='bbox 587 2428 888 2515; x_wconf 85' lang='lat' dir='ltr'>obtinet,</span> <span class='ocrx_word' id='word_1_208' title='bbox 938 2450 1075 2543; x_wconf 78' lang='lat' dir='ltr'>pari</span> <span class='ocrx_word' id='word_1_209' title='bbox 1092 2423 1382 2525; x_wconf 86' lang='lat' dir='ltr'>periculo</span> <span class='ocrx_word' id='word_1_210' title='bbox 1410 2480 1432 2514; x_wconf 87' lang='lat'><strong>,</strong></span> <span class='ocrx_word' id='word_1_211' title='bbox 1484 2432 2123 2538; x_wconf 88' lang='lat' dir='ltr'>accipiatimperium</span> <span class='ocrx_word' id='word_1_212' title='bbox 2146 2484 2168 2517; x_wconf 90' lang='lat'>,</span> <span class='ocrx_word' id='word_1_213' title='bbox 2214 2425 2323 2501; x_wconf 87' lang='lat' dir='ltr'>seu</span> <span class='ocrx_word' id='word_1_214' title='bbox 2523 2466 2525 2474; x_wconf 94' lang='lat'>·</span> 
     </span>
     <span class='ocr_line' id='line_1_26' title="bbox 148 2518 2324 2613; baseline 0.001 -19"><span class='ocrx_word' id='word_1_215' title='bbox 148 2544 299 2613; x_wconf 87' lang='lat' dir='ltr'>recu</span> <span class='ocrx_word' id='word_1_216' title='bbox 322 2543 443 2596; x_wconf 88' lang='lat' dir='ltr'>et..</span> <span class='ocrx_word' id='word_1_217' title='bbox 480 2523 855 2593; x_wconf 76' lang='lat' dir='ltr'>Vtcumque</span> <span class='ocrx_word' id='word_1_218' title='bbox 896 2521 1233 2594; x_wconf 79' lang='lat' dir='ltr'>discordes</span> <span class='ocrx_word' id='word_1_219' title='bbox 1286 2526 1360 2591; x_wconf 88' lang='lat'>&amp;</span> <span class='ocrx_word' id='word_1_220' title='bbox 1393 2518 1646 2593; x_wconf 77' lang='lat' dir='ltr'>efferati</span> <span class='ocrx_word' id='word_1_221' title='bbox 1678 2522 1835 2594; x_wconf 86' lang='lat' dir='ltr'>dum</span> <span class='ocrx_word' id='word_1_222' title='bbox 1856 2523 2191 2597; x_wconf 85' lang='lat' dir='ltr'>confilium</span> <span class='ocrx_word' id='word_1_223' title='bbox 2224 2523 2324 2596; x_wconf 86' lang='lat' dir='ltr'>le·-</span> 
     </span>
     <span class='ocr_line' id='line_1_27' title="bbox 147 2614 2322 2715; baseline 0.001 -27"><span class='ocrx_word' id='word_1_224' title='bbox 147 2637 393 2715; x_wconf 85' lang='lat' dir='ltr'>gesque</span> <span class='ocrx_word' id='word_1_225' title='bbox 434 2616 488 2690; x_wconf 68' lang='lat'>131</span> <span class='ocrx_word' id='word_1_226' title='bbox 1076 2639 1198 2687; x_wconf 88' lang='lat' dir='ltr'>nec</span> <span class='ocrx_word' id='word_1_227' title='bbox 1248 2616 1399 2688; x_wconf 45' lang='lat' dir='ltr'>ulla*</span> <span class='ocrx_word' id='word_1_228' title='bbox 1426 2621 1597 2689; x_wconf 89' lang='lat' dir='ltr'>inter</span> <span class='ocrx_word' id='word_1_229' title='bbox 1636 2618 1656 2687; x_wconf 88' lang='lat' dir='ltr'>i</span> <span class='ocrx_word' id='word_1_230' title='bbox 1709 2614 1810 2687; x_wconf 76' lang='lat' dir='ltr'>ios</span> <span class='ocrx_word' id='word_1_231' title='bbox 1848 2617 2100 2690; x_wconf 59' lang='lat' dir='ltr'>delictis</span> <span class='ocrx_word' id='word_1_232' title='bbox 2137 2623 2322 2691; x_wconf 87' lang='lat' dir='ltr'>venia</span> 
     </span>
    </p>

    <p class='ocr_par' dir='ltr' id='par_1_9' title="bbox 148 2709 2321 2881">
     <span class='ocr_line' id='line_1_28' title="bbox 148 2709 2321 2808; baseline 0 -25"><span class='ocrx_word' id='word_1_233' title='bbox 148 2711 282 2799; x_wconf 86' lang='lat' dir='ltr'>est,</span> <span class='ocrx_word' id='word_1_234' title='bbox 325 2715 487 2808; x_wconf 85' lang='lat' dir='ltr'>juris</span> <span class='ocrx_word' id='word_1_235' title='bbox 1058 2733 1311 2799; x_wconf 57' lang='lat' dir='ltr'>entur,</span> <span class='ocrx_word' id='word_1_236' title='bbox 1345 2709 1630 2804; x_wconf 87' lang='lat' dir='ltr'>ejusdem</span> <span class='ocrx_word' id='word_1_237' title='bbox 1766 2712 2086 2799; x_wconf 84' lang='lat' dir='ltr'>nitestes,</span> <span class='ocrx_word' id='word_1_238' title='bbox 2184 2712 2321 2784; x_wconf 89' lang='lat' dir='ltr'>uod</span> 
     </span>
     <span class='ocr_line' id='line_1_29' title="bbox 149 2804 2320 2881; baseline 0 -3"><span class='ocrx_word' id='word_1_239' title='bbox 149 2810 428 2878; x_wconf 84' lang='lat' dir='ltr'>maxime</span> <span class='ocrx_word' id='word_1_240' title='bbox 485 2827 755 2881; x_wconf 67' lang='lat' dir='ltr'>violant.</span> <span class='ocrx_word' id='word_1_241' title='bbox 849 2825 1252 2877; x_wconf 74' lang='lat' dir='ltr'>Aumentum</span> <span class='ocrx_word' id='word_1_242' title='bbox 1301 2810 1411 2876; x_wconf 80' lang='lat' dir='ltr'>irae</span> <span class='ocrx_word' id='word_1_243' title='bbox 1447 2805 1724 2878; x_wconf 83' lang='lat' dir='ltr'>‘militari</span> <span class='ocrx_word' id='word_1_244' title='bbox 1783 2804 2121 2879; x_wconf 83' lang='lat' dir='ltr'>addiderat</span> <span class='ocrx_word' id='word_1_245' title='bbox 2178 2805 2320 2879; x_wconf 89' lang='lat' dir='ltr'>ubi-</span> 
     </span>
    </p>

    <p class='ocr_par' dir='ltr' id='par_1_10' title="bbox 145 2899 2441 3190">
     <span class='ocr_line' id='line_1_30' title="bbox 147 2899 2441 3001; baseline 0 -29"><span class='ocrx_word' id='word_1_246' title='bbox 147 2919 215 2972; x_wconf 89' lang='lat' dir='ltr'>ta</span> <span class='ocrx_word' id='word_1_247' title='bbox 259 2905 528 2973; x_wconf 86' lang='lat' dir='ltr'>nimium</span> <span class='ocrx_word' id='word_1_248' title='bbox 574 2900 1012 3001; x_wconf 86' lang='lat' dir='ltr'>Hispanorum</span> <span class='ocrx_word' id='word_1_249' title='bbox 1051 2953 1074 2987; x_wconf 88' lang='lat'>,</span> <span class='ocrx_word' id='word_1_250' title='bbox 1133 2903 1257 2995; x_wconf 86' lang='lat' dir='ltr'>qui</span> <span class='ocrx_word' id='word_1_251' title='bbox 1302 2903 1530 2971; x_wconf 82' lang='lat' dir='ltr'>aerario</span> <span class='ocrx_word' id='word_1_252' title='bbox 1584 2921 1899 2999; x_wconf 81' lang='lat' dir='ltr'>praeerant</span> <span class='ocrx_word' id='word_1_253' title='bbox 1928 2958 1949 2987; x_wconf 86' lang='lat'><em>,</em></span> <span class='ocrx_word' id='word_1_254' title='bbox 1999 2899 2317 3000; x_wconf 82' lang='lat' dir='ltr'>parfimo-</span> <span class='ocrx_word' id='word_1_255' title='bbox 2438 2959 2441 2964; x_wconf 91' lang='lat'><em>.</em></span> 
     </span>
     <span class='ocr_line' id='line_1_31' title="bbox 147 2992 2318 3093; baseline -0 -25"><span class='ocrx_word' id='word_1_256' title='bbox 147 2997 251 3068; x_wconf 83' lang='lat' dir='ltr'>nia</span> <span class='ocrx_word' id='word_1_257' title='bbox 280 3050 302 3083; x_wconf 90' lang='lat'>‚</span> <span class='ocrx_word' id='word_1_258' title='bbox 349 3000 668 3068; x_wconf 85' lang='lat' dir='ltr'>revocatis</span> <span class='ocrx_word' id='word_1_259' title='bbox 703 2994 1172 3092; x_wconf 80' lang='lat' dir='ltr'>stipendiorum</span> <span class='ocrx_word' id='word_1_260' title='bbox 1206 2993 1594 3081; x_wconf 56' lang='lat' dir='ltr'>aussuariis5</span> <span class='ocrx_word' id='word_1_261' title='bbox 1643 3017 1789 3091; x_wconf 82' lang='lat' dir='ltr'>quae</span> <span class='ocrx_word' id='word_1_262' title='bbox 1824 3019 1949 3093; x_wconf 90' lang='lat' dir='ltr'>pro</span> <span class='ocrx_word' id='word_1_263' title='bbox 1984 2992 2318 3093; x_wconf 74' lang='lat' dir='ltr'>insigniori</span> 
     </span>
     <span class='ocr_line' id='line_1_32' title="bbox 145 3086 2323 3190; baseline -0 -29"><span class='ocrx_word' id='word_1_264' title='bbox 145 3113 391 3188; x_wconf 85' lang='lat' dir='ltr'>opera,</span> <span class='ocrx_word' id='word_1_265' title='bbox 437 3106 549 3161; x_wconf 84' lang='lat' dir='ltr'>aut</span> <span class='ocrx_word' id='word_1_266' title='bbox 582 3114 700 3188; x_wconf 92' lang='lat' dir='ltr'>per</span> <span class='ocrx_word' id='word_1_267' title='bbox 739 3093 1012 3190; x_wconf 81' lang='lat' dir='ltr'>gratiam</span> <span class='ocrx_word' id='word_1_268' title='bbox 1031 3086 1822 3178; x_wconf 79' lang='lat' dir='ltr'>Parmenfi&#39;sconcesserat.</span> <span class='ocrx_word' id='word_1_269' title='bbox 1889 3090 2046 3161; x_wconf 87' lang='lat' dir='ltr'>Nec</span> <span class='ocrx_word' id='word_1_270' title='bbox 2065 3110 2323 3161; x_wconf 88' lang='lat' dir='ltr'>tantum</span> 
     </span>
    </p>

    <p class='ocr_par' dir='ltr' id='par_1_11' title="bbox 146 3180 2316 3470">
     <span class='ocr_line' id='line_1_33' title="bbox 148 3180 2316 3282; baseline -0.002 -27"><span class='ocrx_word' id='word_1_271' title='bbox 148 3187 214 3256; x_wconf 90' lang='lat' dir='ltr'>in</span> <span class='ocrx_word' id='word_1_272' title='bbox 259 3184 490 3258; x_wconf 82' lang='lat' dir='ltr'>Galliae</span> <span class='ocrx_word' id='word_1_273' title='bbox 535 3185 834 3256; x_wconf 88' lang='lat' dir='ltr'>confinio</span> <span class='ocrx_word' id='word_1_274' title='bbox 873 3238 895 3271; x_wconf 86' lang='lat'><strong>,</strong></span> <span class='ocrx_word' id='word_1_275' title='bbox 946 3181 1053 3255; x_wconf 92' lang='lat' dir='ltr'>sed</span> <span class='ocrx_word' id='word_1_276' title='bbox 1100 3185 1636 3255; x_wconf 85' lang='lat' dir='ltr'>Germanicarum</span> <span class='ocrx_word' id='word_1_277' title='bbox 1702 3180 1958 3256; x_wconf 80' lang='lat' dir='ltr'>urbium</span> <span class='ocrx_word' id='word_1_278' title='bbox 2005 3182 2316 3282; x_wconf 73' lang='lat' dir='ltr'>praesidiis</span> 
     </span>
     <span class='ocr_line' id='line_1_34' title="bbox 147 3276 2311 3392; baseline -0.003 -38"><span class='ocrx_word' id='word_1_279' title='bbox 147 3277 319 3355; x_wconf 86' lang='lat' dir='ltr'>idem</span> <span class='ocrx_word' id='word_1_280' title='bbox 351 3276 563 3370; x_wconf 17' lang='lat' dir='ltr'>‘firror</span> <span class='ocrx_word' id='word_1_281' title='bbox 605 3282 846 3392; x_wconf 84' lang='lat' dir='ltr'>rapinis</span> <span class='ocrx_word' id='word_1_282' title='bbox 896 3282 973 3348; x_wconf 76' lang='grc' dir='ltr'>δε</span> <span class='ocrx_word' id='word_1_283' title='bbox 1016 3276 1439 3374; x_wconf 58' lang='lat' dir='ltr'>vectigalibus</span> <span class='ocrx_word' id='word_1_284' title='bbox 1484 3276 1768 3349; x_wconf 85' lang='lat' dir='ltr'>alebatur</span> <span class='ocrx_word' id='word_1_285' title='bbox 1811 3314 1835 3370; x_wconf 80' lang='lat'>3</span> <span class='ocrx_word' id='word_1_286' title='bbox 1883 3278 1995 3348; x_wconf 89' lang='lat' dir='ltr'>ubi</span> <span class='ocrx_word' id='word_1_287' title='bbox 2037 3276 2311 3348; x_wconf 80' lang='lat' dir='ltr'>Novefii</span> 
     </span>
     <span class='ocr_line' id='line_1_35' title="bbox 146 3368 2312 3470; baseline -0.002 -25"><span class='ocrx_word' id='word_1_288' title='bbox 146 3377 368 3445; x_wconf 80' lang='lat' dir='ltr'>civitas</span> <span class='ocrx_word' id='word_1_289' title='bbox 433 3390 618 3470; x_wconf 73' lang='lat' dir='ltr'>parte</span> <span class='ocrx_word' id='word_1_290' title='bbox 675 3400 749 3447; x_wconf 77' lang='lat' dir='ltr'>in</span> <span class='ocrx_word' id='word_1_291' title='bbox 864 3370 1101 3443; x_wconf 82' lang='lat' dir='ltr'>raedam</span> <span class='ocrx_word' id='word_1_292' title='bbox 1172 3368 1417 3470; x_wconf 83' lang='lat' dir='ltr'>egreffa</span> <span class='ocrx_word' id='word_1_293' title='bbox 1460 3372 1744 3468; x_wconf 88' lang='lat' dir='ltr'>reliquos</span> <span class='ocrx_word' id='word_1_294' title='bbox 1789 3374 2066 3446; x_wconf 86' lang='lat' dir='ltr'>militum</span> <span class='ocrx_word' id='word_1_295' title='bbox 2128 3370 2312 3466; x_wconf 88' lang='lat' dir='ltr'>deje-</span> 
     </span>
    </p>

    <p class='ocr_par' dir='ltr' id='par_1_12' title="bbox 147 3467 2317 3566">
     <span class='ocr_line' id='line_1_36' title="bbox 147 3467 2317 3566; baseline -0 -28"><span class='ocrx_word' id='word_1_296' title='bbox 147 3472 261 3539; x_wconf 88' lang='lat' dir='ltr'>cit.</span> <span class='ocrx_word' id='word_1_297' title='bbox 329 3469 741 3566; x_wconf 40' lang='lat' dir='ltr'>&#39;Secutisque</span> <span class='ocrx_word' id='word_1_298' title='bbox 840 3471 918 3538; x_wconf 84' lang='lat' dir='ltr'>iis</span> <span class='ocrx_word' id='word_1_299' title='bbox 976 3470 1347 3564; x_wconf 87' lang='lat' dir='ltr'>quicunque</span> <span class='ocrx_word' id='word_1_300' title='bbox 1390 3486 1736 3562; x_wconf 88' lang='lat' dir='ltr'>potuerant</span> <span class='ocrx_word' id='word_1_301' title='bbox 1777 3522 1800 3554; x_wconf 90' lang='lat'>,</span> <span class='ocrx_word' id='word_1_302' title='bbox 1845 3467 2317 3538; x_wconf 86' lang='lat' dir='ltr'>documentum</span> 
     </span>
    </p>

    <p class='ocr_par' dir='ltr' id='par_1_13' title="bbox 80 3559 2312 3659">
     <span class='ocr_line' id='line_1_37' title="bbox 80 3559 2312 3659; baseline 0 -27"><span class='ocrx_word' id='word_1_303' title='bbox 80 3583 84 3590; x_wconf 84' lang='grc'>’</span> <span class='ocrx_word' id='word_1_304' title='bbox 151 3563 217 3633; x_wconf 90' lang='lat' dir='ltr'>id</span> <span class='ocrx_word' id='word_1_305' title='bbox 256 3562 446 3635; x_wconf 86' lang='lat' dir='ltr'>militi</span> <span class='ocrx_word' id='word_1_306' title='bbox 480 3560 605 3635; x_wconf 68' lang='lat' dir='ltr'>fixit</span> <span class='ocrx_word' id='word_1_307' title='bbox 641 3618 662 3650; x_wconf 87' lang='lat'>‚</span> <span class='ocrx_word' id='word_1_308' title='bbox 709 3584 782 3634; x_wconf 90' lang='lat' dir='ltr'>ut</span> <span class='ocrx_word' id='word_1_309' title='bbox 819 3564 1099 3634; x_wconf 83' lang='lat' dir='ltr'>avaritiae</span> <span class='ocrx_word' id='word_1_310' title='bbox 1141 3582 1533 3656; x_wconf 88' lang='lat' dir='ltr'>temperaret</span> <span class='ocrx_word' id='word_1_311' title='bbox 1565 3592 1593 3648; x_wconf 88' lang='lat'>·,</span> <span class='ocrx_word' id='word_1_312' title='bbox 1659 3578 1769 3659; x_wconf 68' lang='lat' dir='ltr'>aut</span> <span class='ocrx_word' id='word_1_313' title='bbox 1815 3567 1984 3635; x_wconf 82' lang='lat' dir='ltr'>vires</span> <span class='ocrx_word' id='word_1_314' title='bbox 2016 3559 2312 3632; x_wconf 85' lang='lat' dir='ltr'>intende-</span> 
     </span>
    </p>

    <p class='ocr_par' dir='ltr' id='par_1_14' title="bbox 151 3652 2308 3755">
     <span class='ocr_line' id='line_1_38' title="bbox 151 3652 2308 3755; baseline 0.001 -28"><span class='ocrx_word' id='word_1_315' title='bbox 151 3675 271 3727; x_wconf 87' lang='lat' dir='ltr'>ret.</span> <span class='ocrx_word' id='word_1_316' title='bbox 372 3661 641 3729; x_wconf 86' lang='lat' dir='ltr'>Beream</span> <span class='ocrx_word' id='word_1_317' title='bbox 682 3679 829 3755; x_wconf 79' lang='lat' dir='ltr'>quae</span> <span class='ocrx_word' id='word_1_318' title='bbox 869 3655 1178 3728; x_wconf 87' lang='lat' dir='ltr'>tenebant</span> <span class='ocrx_word' id='word_1_319' title='bbox 1217 3660 1522 3726; x_wconf 70' lang='lat' dir='ltr'>centuriae</span> <span class='ocrx_word' id='word_1_320' title='bbox 1565 3652 1851 3754; x_wconf 84' lang='lat' dir='ltr'>septem,</span> <span class='ocrx_word' id='word_1_321' title='bbox 1899 3653 2184 3749; x_wconf 82' lang='lat' dir='ltr'>abrupto</span> <span class='ocrx_word' id='word_1_322' title='bbox 2225 3660 2308 3729; x_wconf 71' lang='grc' dir='ltr'>δι</span> 
     </span>
    </p>

    <p class='ocr_par' dir='ltr' id='par_1_15' title="bbox 152 3747 2302 3848">
     <span class='ocr_line' id='line_1_39' title="bbox 152 3747 2302 3848; baseline 0 -29"><span class='ocrx_word' id='word_1_323' title='bbox 152 3748 300 3845; x_wconf 83' lang='lat' dir='ltr'>ipsae</span> <span class='ocrx_word' id='word_1_324' title='bbox 337 3747 655 3848; x_wconf 89' lang='lat' dir='ltr'>obsequio</span> <span class='ocrx_word' id='word_1_325' title='bbox 678 3806 699 3840; x_wconf 87' lang='lat'>‚</span> <span class='ocrx_word' id='word_1_326' title='bbox 748 3750 989 3823; x_wconf 88' lang='lat' dir='ltr'>nullum</span> <span class='ocrx_word' id='word_1_327' title='bbox 1024 3749 1141 3824; x_wconf 84' lang='lat' dir='ltr'>fibi</span> <span class='ocrx_word' id='word_1_328' title='bbox 1185 3748 1419 3820; x_wconf 87' lang='lat' dir='ltr'>ducem</span> <span class='ocrx_word' id='word_1_329' title='bbox 1442 3804 1465 3837; x_wconf 85' lang='lat'><strong>,</strong></span> <span class='ocrx_word' id='word_1_330' title='bbox 1515 3769 1585 3821; x_wconf 87' lang='lat' dir='ltr'>ut</span> <span class='ocrx_word' id='word_1_331' title='bbox 1626 3754 1842 3823; x_wconf 85' lang='lat' dir='ltr'>caeteri</span> <span class='ocrx_word' id='word_1_332' title='bbox 1887 3803 1911 3837; x_wconf 90' lang='lat'><strong>,</strong></span> <span class='ocrx_word' id='word_1_333' title='bbox 1963 3747 2069 3826; x_wconf 86' lang='lat' dir='ltr'>sed</span> <span class='ocrx_word' id='word_1_334' title='bbox 2124 3747 2302 3821; x_wconf 88' lang='lat' dir='ltr'>sena-</span> 
     </span>
    </p>

    <p class='ocr_par' dir='ltr' id='par_1_16' title="bbox 150 3843 2307 3944">
     <span class='ocr_line' id='line_1_40' title="bbox 150 3843 2307 3944; baseline 0 -28"><span class='ocrx_word' id='word_1_335' title='bbox 150 3862 289 3918; x_wconf 88' lang='lat' dir='ltr'>tum</span> <span class='ocrx_word' id='word_1_336' title='bbox 332 3850 555 3944; x_wconf 84' lang='lat' dir='ltr'>viginti</span> <span class='ocrx_word' id='word_1_337' title='bbox 606 3852 683 3922; x_wconf 78' lang='grc' dir='ltr'>δε</span> <span class='ocrx_word' id='word_1_338' title='bbox 748 3850 937 3918; x_wconf 87' lang='lat' dir='ltr'>unius</span> <span class='ocrx_word' id='word_1_339' title='bbox 998 3843 1278 3916; x_wconf 82' lang='lat' dir='ltr'>militum</span> <span class='ocrx_word' id='word_1_340' title='bbox 1327 3844 1692 3942; x_wconf 76' lang='lat' dir='ltr'>imposuere</span> <span class='ocrx_word' id='word_1_341' title='bbox 1729 3877 1753 3930; x_wconf 72' lang='grc' dir='ltr'><strong><em>ς</em></strong></span> <span class='ocrx_word' id='word_1_342' title='bbox 1799 3867 1918 3920; x_wconf 86' lang='lat' dir='ltr'>nec</span> <span class='ocrx_word' id='word_1_343' title='bbox 1955 3864 2307 3943; x_wconf 78' lang='lat' dir='ltr'>perpetuus</span> 
     </span>
    </p>

    <p class='ocr_par' dir='ltr' id='par_1_17' title="bbox 145 3937 2303 4038">
     <span class='ocr_line' id='line_1_41' title="bbox 145 3937 2303 4038; baseline 0.001 -30"><span class='ocrx_word' id='word_1_344' title='bbox 145 3941 202 4009; x_wconf 83' lang='lat' dir='ltr'>is</span> <span class='ocrx_word' id='word_1_345' title='bbox 246 3937 455 4012; x_wconf 83' lang='lat' dir='ltr'>bonos</span> <span class='ocrx_word' id='word_1_346' title='bbox 494 3996 516 4030; x_wconf 86' lang='lat'><strong>,</strong></span> <span class='ocrx_word' id='word_1_347' title='bbox 583 3937 691 4014; x_wconf 91' lang='lat' dir='ltr'>sed</span> <span class='ocrx_word' id='word_1_348' title='bbox 751 3963 883 4012; x_wconf 89' lang='lat' dir='ltr'>tem</span> <span class='ocrx_word' id='word_1_349' title='bbox 934 3938 1161 4011; x_wconf 88' lang='lat' dir='ltr'>oribus</span> <span class='ocrx_word' id='word_1_350' title='bbox 1218 3939 1603 4011; x_wconf 87' lang='lat' dir='ltr'>mutabatur.</span> <span class='ocrx_word' id='word_1_351' title='bbox 1699 3940 2064 4038; x_wconf 86' lang='lat' dir='ltr'>Exigebant</span> <span class='ocrx_word' id='word_1_352' title='bbox 2105 3940 2303 4011; x_wconf 64' lang='lat' dir='ltr'>veQi·</span> 
     </span>
    </p>
   </div>
   <div class='ocr_carea' id='block_1_5' title="bbox 93 4030 2309 4319">
    <p class='ocr_par' dir='ltr' id='par_1_18' title="bbox 93 4030 2309 4319">
     <span class='ocr_line' id='line_1_42' title="bbox 279 4030 2309 4134; baseline -0 -30"><span class='ocrx_word' id='word_1_353' title='bbox 279 4033 363 4106; x_wconf 87' lang='lat' dir='ltr'>ab</span> <span class='ocrx_word' id='word_1_354' title='bbox 395 4058 433 4107; x_wconf 91' lang='lat' dir='ltr'>a</span> <span class='ocrx_word' id='word_1_355' title='bbox 501 4030 568 4105; x_wconf 50' lang='lat' dir='ltr'>”is</span> <span class='ocrx_word' id='word_1_356' title='bbox 606 4039 850 4109; x_wconf 86' lang='lat' dir='ltr'>circum</span> <span class='ocrx_word' id='word_1_357' title='bbox 901 4038 986 4107; x_wconf 89' lang='lat' dir='ltr'>tis</span> <span class='ocrx_word' id='word_1_358' title='bbox 1021 4088 1042 4119; x_wconf 89' lang='lat'>,</span> <span class='ocrx_word' id='word_1_359' title='bbox 1090 4034 1288 4106; x_wconf 81' lang='lat' dir='ltr'>melio</span> <span class='ocrx_word' id='word_1_360' title='bbox 1440 4032 1724 4134; x_wconf 88' lang='lat' dir='ltr'>isciplina</span> <span class='ocrx_word' id='word_1_361' title='bbox 1766 4087 1788 4121; x_wconf 87' lang='lat'><strong>,</strong></span> <span class='ocrx_word' id='word_1_362' title='bbox 1835 4058 2034 4132; x_wconf 88' lang='lat' dir='ltr'>quam</span> <span class='ocrx_word' id='word_1_363' title='bbox 2089 4057 2309 4129; x_wconf 73' lang='lat' dir='ltr'>nuper</span> 
     </span>
     <span class='ocr_line' id='line_1_43' title="bbox 93 4031 2306 4319; baseline 0.003 -129"><span class='ocrx_word' id='word_1_364' title='bbox 93 4186 95 4190; x_wconf 78' lang='grc'>,</span> <span class='ocrx_word' id='word_1_365' title='bbox 142 4031 252 4206; x_wconf 53' lang='grc' dir='ltr'>Ξῖ.)</span> <span class='ocrx_word' id='word_1_366' title='bbox 286 4057 581 4233; x_wconf 51' lang='lat' dir='ltr'>pag&amp;</span> <span class='ocrx_word' id='word_1_367' title='bbox 632 4135 914 4239; x_wconf 70' lang='lat' dir='ltr'>imperio</span> <span class='ocrx_word' id='word_1_368' title='bbox 959 4034 1461 4319; x_wconf 51' lang='grc' dir='ltr'>ἱαᾶίωῑϋ»</span> <span class='ocrx_word' id='word_1_369' title='bbox 1493 4148 1844 4223; x_wconf 79' lang='lat' dir='ltr'>proventus</span> <span class='ocrx_word' id='word_1_370' title='bbox 1870 4180 1892 4220; x_wconf 89' lang='lat'>‚</span> <span class='ocrx_word' id='word_1_371' title='bbox 1940 4150 2093 4200; x_wconf 86' lang='lat' dir='ltr'>cum</span> <span class='ocrx_word' id='word_1_372' title='bbox 2133 4127 2306 4293; x_wconf 49' lang='lat' dir='ltr'>iigtsra</span> 
     </span>
     <span class='ocr_line' id='line_1_44' title="bbox 189 4241 2309 4293; baseline -0.006 9"><span class='ocrx_word' id='word_1_373' title='bbox 189 4253 192 4256; x_wconf 67' lang='grc'>“</span> <span class='ocrx_word' id='word_1_374' title='bbox 370 4283 380 4293; x_wconf 88' lang='grc'>.-</span> <span class='ocrx_word' id='word_1_375' title='bbox 1598 4244 1615 4259; x_wconf 87' lang='grc'><em>·</em></span> <span class='ocrx_word' id='word_1_376' title='bbox 2058 4241 2162 4292; x_wconf 83' lang='lat' dir='ltr'>me</span> <span class='ocrx_word' id='word_1_377' title='bbox 2234 4241 2309 4291; x_wconf 78' lang='lat' dir='ltr'>es</span> 
     </span>
    </p>
   </div>
   <div class='ocr_carea' id='block_1_6' title="bbox 1008 4088 1448 4320">
    <p class='ocr_par' dir='ltr' id='par_1_19' title="bbox 1008 4088 1448 4320">
     <span class='ocr_line' id='line_1_45' title="bbox 1008 4088 1448 4320; baseline 0 -178"><span class='ocrx_word' id='word_1_378' title='bbox 1008 4088 1448 4320; x_wconf 95' lang='lat' dir='ltr'>    </span> 
     </span>
    </p>
   </div>
  </div>
 </body>
</html>
