2900 4628
434 172 1469 265 His-roaiaavm
1549 195 1793 266 ιη.
1870 201 2005 269 iv.
2162 215 2293 291 237

131 313 269 367 tur.
345 296 522 458 Ἧι)
563 301 768 396 magis
799 297 1159 370 mirandum
1197 297 1289 369 est
1318 294 1538 372 ramos
1567 318 1962 401 truncosque
1989 303 2293 379 arborum
2350 333 2479 412 ¹59
2491 335 2559 411 5,

133 387 367 488 paffim
457 394 659 461 uitare
697 415 717 461 ε
769 392 885 464 nifi
923 397 1312 465 remotiores
1343 390 1795 491 septentrionis
1828 417 2028 470 terras
2045 399 2248 472 vastus
2272 452 2296 486 ,

138 490 220 553 δε
261 479 411 579 ipso
456 484 754 556 littorum
794 484 1061 558 occursu
1099 491 1413 558 excitatus
1432 488 1759 586 abrumpit
1778 493 2105 564 Oceanus,
2170 495 2300 564 Ea·
2444 496 2449 501 ’

134 577 433 673 demque
471 582 534 649 vi
585 578 895 651 credibile
931 580 1023 651 est
1079 579 1401 653 diffiluisse
1434 606 1597 678 quas
1645 607 1815 654 nunc
1854 583 2079 657 insulas
2119 586 2301 659 vide-

134 694 336 757 mus3
386 669 559 743 forte
581 671 914 769 hucusque
931 675 1090 746 olim
1110 694 1387 747 exeunte
1414 676 1744 747 Sarmatia.
1817 681 2303 775 Qamcunque

136 766 280 859 ejus
320 788 461 835 orae
491 768 737 864 partem
777 791 970 841 naves
1006 773 1320 865 attigere,
1365 769 1580 840 fumus
1620 773 1946 842 interdum
1982 776 2056 842 &
2091 773 2303 845 homi-

137 879 300 930 num
336 858 601 957 vestigia
630 914 650 946 ‚
700 884 835 932 non
874 860 1063 932 urbes
1086 914 1108 947 ,
1163 885 1245 931 ne
1276 866 1400 934 vici
1419 860 1688 959 quidem
1709 865 2128 963 apparebant.
2198 870 2308 939 In·

138 959 350 1024 terior
373 958 561 1051 regio
587 960 661 1024 &
696 978 961 1027 nemora
980 954 1214 1026 habere
1232 955 1516 1027 creditur
1540 1010 1563 1043 ,
1603 955 1874 1030 &lacus
1903 1011 1925 1045 ,
1965 982 2134 1055 quos
2156 982 2305 1060 per·

141 1067 358 1147 petuae
395 1056 574 1119 nives
614 1047 887 1119 fundant
912 1102 935 1135 ‚
978 1049 1147 1131 alant
1199 1072 1301 1120 ue.
1378 1048 1543 1121 Haec
1579 1051 1757 1144 juxta
1783 1105 1804 1139 ,
1850 1074 1923 1124 ut
1942 1050 2188 1141 solum,
2231 1074 2307 1125 ut

139 1164 313 1237 aqua
347 1141 632 1239 placuit,
679 1139 933 1213 discreti
966 1141 1144 1215 diver
1193 1167 1322 1240 que
1354 1147 1626 1243 tuguriis
1663 1142 1862 1217 latent
1887 1200 1907 1232 ‚
1954 1167 2065 1218 aut
2083 1146 2309 1245 specus

138 1240 177 1307 a
227 1240 443 1306 eriunt
468 1288 490 1322 ,
538 1236 620 1307 ad
655 1234 932 1308 fovenda
949 1236 1209 1334 ignibus
1237 1261 1529 1338 corpora
1548 1255 1777 1311 contra
1796 1239 1952 1312 coeli
1976 1241 2301 1312 in‘uriam.

224 1353 304 1400 ec
343 1350 566 1400 tamen
603 1328 913 1403 defident.
982 1331 1198 1403 Traha
1221 1386 1243 1419 ‚
1293 1355 1491 1429 quam
1516 1337 1774 1430 rapiunt
1798 1267 2163 1407 incredijbili
2192 1357 2304 1406 ce-

140 1422 397 1496 leritate
426 1423 875 1522 quadrupedes
900 1479 922 1513 ‚
968 1423 1135 1497 haud
1169 1423 1459 1499 diffimile
1479 1431 1682 1502 cervis
1701 1450 1904 1526 genus
1925 1483 1948 1516 ,
1996 1428 2308 1526 Rangife-
2348 1464 2361 1483 1

143 1536 257 1590 ros
295 1538 538 1591 vocant
568 1574 590 1607 ,
640 1543 764 1591 una
796 1517 1100 1592 omnibus
1130 1518 1436 1618 supellex.
1503 1524 1647 1592 Hac
1681 1522 1737 1593 la
1787 1521 1834 1596 fi
1872 1522 2030 1595 altas
2065 1544 2182 1622 per
2204 1526 2306 1594 ni·

145 1632 258 1689 ves
293 1612 606 1711 vestigant
644 1611 927 1712 praedam
953 1667 975 1699 ‚
1022 1635 1272 1685 mutant
1321 1637 1403 1684 ue
1435 1614 1635 1688 sedes.
1770 1636 1950 1705 otam
1984 1617 2149 1689 hanc
2171 1615 2307 1715 pla-

145 1724 299 1806 ‘gam
331 1707 485 1778 ferae
521 1724 672 1780 cum
708 1705 1082 1780 bominibus
1103 1707 1273 1780 haud
1358 1731 1437 1779 ne
1455 1730 1536 1780 ex
1554 1732 1747 1806 atquo
1769 1709 2058 1783 divisere.
2121 1715 2309 1783 Tan-

149 1820 219 1871 ta
257 1800 618 1874 'multitudo
655 1803 747 1876 est
778 1803 1081 1900 leporum
1129 1803 1563 1899 luporumque
1601 1801 1871 1875 candida
1908 1826 2057 1876 cute
2098 1827 2119 1873 ε
2167 1825 2307 1875 tum

145 1898 389 1967 'martes
425 1949 447 1982 ‚
494 1893 757 1983 sabelli,
798 1917 1074 1992 quaeque
1111 1895 1250 1967 aliae
1286 1895 1654 1967 tantumob
1677 1894 1873 1993 pelles
1892 1918 2303 1995 expetuntur.

141 1976 214 2059 V
217 1990 332 2061 riis
374 1990 505 2081 (δι
536 1987 603 2058 hi
627 1986 872 2086 frigore
892 1989 1169 2061 albicant
1268 1991 1478 2085 major
1521 1988 1713 2062 solito
1746 1987 1949 2061 moles
1976 2043 1998 2077 ‚
2046 1995 2122 2087 βε
2155 1995 2310 2088 quia

143 2082 391 2182 pabula
408 2079 718 2154 deficiunt
740 2137 762 2169 ‚
785 2081 993 2154 rabies
1011 2086 1155 2154 inau
1209 2088 1330 2171 'ta3
1377 2108 1514 2154 non
1531 2106 1858 2154 armorum
1877 2104 2083 2159 metus
2108 2138 2131 2171 ‚
2174 2109 2308 2156 non

148 2198 336 2248 mare
372 2173 619 2247 obfistit
657 2230 678 2265 ,
796 2199 886 2248 uo
927 2180 1134 2248 minus
1169 2184 1563 2277 conceptum
1622 2176 1897 2249 odorem
1934 2181 2026 2248 im
2219 2176 2311 2251 se·

204 2288 456 2343 uantur.
533 2272 624 2343 Ea
806 2276 851 2342 's
888 2271 1293 2371 improvidos
1328 2289 1548 2345 nautas
1574 2325 1596 2361 ,
1640 2269 2017 2369 quilittus‘a
2066 2276 2307 2360 ierant,

185 2366 338 2436 oeda
368 2386 580 2437 morte
608 2389 644 2437 a
694 2363 914 2439 sumsit,
948 2389 967 2435 τ
1018 2390 1139 2439 nec
1159 2366 1330 2439 aliud
1351 2366 1545 2440 sociis
1563 2389 1754 2464 quam
1775 2364 2055 2467 speQare
2073 2364 2310 2439 &lero

157 2456 372 2531 ulcisci
404 2461 652 2531 datum.
723 2460 1101 2532 Notabatur
1134 2464 1201 2532 in
1239 2484 1354 2533 ora
1392 2465 1714 2534 eminente
1734 2458 1925 2534 ssnffl
1950 2465 2026 2531 &
2050 2459 2310 2559 profani

156 2552 334 2625 triste
368 2553 714 2625 divortium
743 2608 765 2642 ,
814 2579 962 2625 cum
993 2553 1253 2627 summis
1293 2558 1358 2627 in
1367 2556 1546 2655 jugis
1569 2560 1918 2627 innumera:
1934 2558 2152 2628 Deum
2172 2556 2311 2626 effi-

211 2651 297 2717 ies
325 2647 548 2719 rudem
584 2670 787 2720 artem
826 2646 1199 2747 seniumque
1241 2703 1262 2736 ,
1320 2670 1550 2723 contra
1587 2650 1817 2723 ere&ae
1842 2672 2071 2720 cruces
2110 2649 2309 2720 Chri-

155 2669 384 2813 {ianas
423 2764 643 2813 manus
677 2742 1076 2815 testarentur.
1160 2745 1340 2814 Nam
1375 2743 1559 2817 Ruffi
1582 2799 1604 2830 ‚
1652 2767 1823 2840 quos
1863 2747 1932 2814 in
1973 2742 2200 2814 insulas
2230 2747 2308 2812 δε

161 2856 409 2935 partem
451 2860 612 2907 eam·
635 2840 1026 2910 continentis
1056 2838 1399 2938 tempestas
1437 2892 1460 2925 ‚
1508 2860 1620 2909 aut
1651 2836 1911 2936 pellium
1949 2841 2311 2908 mercimo-

159 2933 266 3002 nia
292 2928 619 3026 adpellunt
643 2983 663 3016 ,
706 2929 810 3002 sex
828 2952 975 3002 ante
998 2929 1217 3004 saecula
1236 2937 1507 3004 Graecos
1526 2936 1683 3004 ritus
1700 2951 2032 3030 accepere.
2082 2933 2313 3003 Samo-

147 3027 311 3122 jutae
352 3022 592 3095 coelum
626 3033 820 3121 atque
858 3024 1017 3098 astra
1036 3026 1308 3097 adorant
1330 3076 1351 3110 ‚
1399 3028 1660 3097 numina
1679 3025 1849 3097 haud
1864 3025 2006 3096 aliis
2028 3027 2310 3121 iniquio-

161 3143 270 3208 ra,
324 3118 565 3189 tradito
581 3140 807 3206 more,
849 3142 968 3191 nec
994 3173 1015 3207 ‚
1056 3141 1130 3191 ut
1147 3117 1412 3190 oderint
1436 3172 1457 3206 ‚
1506 3115 1964 3191 diffentientes.
2030 3120 2195 3189 Sunt
2228 3121 2306 3186 δε

164 3218 277 3310 qui
330 3210 510 3283 lucos
558 3211 732 3309 apud
775 3213 924 3286 illos
964 3232 1330 3288 memorent
1380 3213 1717 3283 horrendo
1752 3211 2013 3309 fragore
2056 3216 2143 3280 δί’
2166 3209 2311 3282 vifis

164 3307 434 3379 infames
459 3359 481 3393 ‚
529 3301 867 3404 sacrosque
899 3331 1141 3407 angues
1167 3361 1188 3394 ‚
1222 3305 1663 3406 superstitione
1676 3304 1846 3376 haud
1869 3311 2094 3402 ignota
2119 3303 2313 3388 ‚coli.

168 3403 496 3474 Caeterurn
529 3425 672 3472 mos
706 3403 1180 3499 Samojutarum
1213 3404 1482 3474 minime
1515 3401 1690 3472 ferus
1714 3451 1736 3484 ,
1790 3403 1865 3468 δε
1895 3404 2134 3496 Lappis
2157 3399 2210 3466 F
2213 3401 2315 3467 in-

168 3501 402 3593 nisque
439 3499 546 3568 vix
579 3493 831 3568 diffidet
875 3522 894 3567 :
944 3517 1312 3594 quanquam
1339 3497 1502 3567 olim
1545 3495 1887 3566 humanam
1908 3492 2029 3566 illis
2053 3514 2309 3584 caruem

149 3597 292 3689 “pro
330 3589 490 3664 cibo
527 3586 712 3660 fuisse
757 3643 780 3677 ‚
827 3587 967 3663 sunt
1002 3595 1117 3689 qui
1153 3616 1238 3663 ex
1274 3594 1540 3662 nomine
1563 3644 1584 3676 ‚
1632 3611 1770 3686 quo
1809 3607 2121 3660 vocantur
2143 3641 2166 3675 ,
2208 3610 2313 3658 ar·

168 3706 400 3785 guant.
439 3683 659 3778 Qod
679 3684 725 3756 fi
746 3689 1091 3784 recipimus
1110 3739 1130 3771 ‚
1154 3684 1613 3780 annumerandi
1638 3688 1712 3754 δι
1729 3681 1797 3754 hi
1819 3683 2077 3782 populis
2102 3740 2122 3771 ,
2195 3695 2311 3754 uo·-

168 3801 311 3854 rum
352 3782 548 3853 vitam
580 3797 732 3851 aetas
771 3784 846 3848 &
884 3782 1177 3878 exempla
1217 3784 1631 3878 mitigarunt3
1678 3776 1850 3849 fiicili
1880 3777 1964 3850 ad
1984 3779 2134 3851 dedi
2161 3801 2309 3848 cen-

172 3876 322 3946 dam
359 3872 677 3946 feritatem
718 3875 1056 3946 hominum
1093 3879 1380 3974 ingenio.
1452 3874 1558 3945 Ad
1583 3872 1839 3974 primos
1861 3877 2166 3948 Batavum
2187 3896 2342 3964 ος·-

169 3968 385 4043 cursus
411 4024 432 4056 ‚
477 3968 608 4040 sola
644 3973 1008 4068 ignorantia
1041 3969 1298 4068 pavidi,
1345 3966 1567 4065 fugam
1603 3988 1712 4040 aut
1746 3991 1921 4038 arma
1952 3970 2314 4067 prospicie-

158 4064 349 4164 bant.
391 4065 745 4160 Postquam
767 4061 1127 4164 approbata
1144 4069 1514 4140 innocentia
1534 4117 1555 4151 ,
1580 4070 1654 4136 &
1669 4061 1963 4160 quaedam
1983 4059 2317 4222 munpscn-

1149 4190 1155 4197 ·
2153 4172 2314 4220 aac-
