2900 4628
608 218 694 269 12
1023 192 1694 283 nvcosufis
1777 193 2339 263 ‚onorii

599 296 980 398 obsequium
1002 355 1026 388 ,
1070 302 1381 397 brevique
1419 322 1615 397 poena
1653 305 1953 399 opprimi.
1979 296 2159 398 posse
2173 304 2342 373 virus
2367 355 2387 388 ,
2433 300 2618 399 quod
2638 299 2761 385 ali-„-

599 417 890 477 mentum
921 394 1184 467 haberet
1203 394 1555 487 licentiam.
1623 395 1751 486 Sed
1771 416 1996 466 contra
2013 391 2416 467 eventusfflfuit
2442 449 2464 482 ,
2510 391 2760 467 effe&o

596 502 671 559 ut
706 492 990 586 perirent
1009 487 1233 574 multi,
1291 488 1505 586 plures
1534 484 2019 562 succrescerent.
2091 489 2184 558 Ea
2204 492 2508 559 nimirum
2534 543 2555 575 ,
2608 511 2759 584 quae

596 606 886 678 corpore
925 605 1298 659 exercemus
1324 635 1347 668 ,
1392 586 1623 653 mortis
1664 588 1740 653 &
1776 582 2173 655 cruciatuum
2207 605 2426 667 metu,
2477 587 2540 654 vi
2562 603 2764 678 atque

595 680 880 772 imperio
896 676 1188 749 obnoxia
1207 671 1348 747 sunt
1371 708 1393 761 ς
1430 674 1653 752 verum
1672 680 1918 749 animus
1942 730 1964 763 ‚
2008 695 2077 746 ut
2095 676 2188 747 est
2203 675 2368 747 liber
2391 681 2466 746 &
2489 679 2765 746 immor-

596 769 785 856 talis,
833 769 879 841 fi
903 770 1070 867 quid*
1089 793 1199 866 per
1219 767 1283 841 ie
1303 772 1572 865 arripuit
1595 823 1616 856 ‚
1667 794 1805 842 non
1835 768 2013 850 ferro
2036 823 2057 856 ‚
2112 794 2247 841 non
2270 775 2418 868 igne
2437 773 2711 840 eviceris
2735 791 2758 838 t

594 866 757 958 quin
801 861 928 958 ipsa
964 868 1236 937 invitant
1276 864 1556 960 pericula
1579 917 1601 947 ,
1648 863 2038 959 beatumque
2082 868 2155 933 δε
2186 862 2541 960 gloriosum
2562 862 2764 943 habe,-

593 976 703 1026 tur
722 1009 743 1043 ‚
781 978 957 1027 extra
975 954 1224 1028 steleris
1248 952 1703 1027 conscientiam
1722 955 2003 1028 crudelia
2022 977 2218 1052 atque
2239 952 2431 1050 invifit
2457 950 2760 1054 perpetiss

592 1057 701 1122 cui
727 1056 817 1120 rei
834 1049 1235 1121 documento
1251 1047 1392 1120 sunt
1417 1055 1490 1120 &
1509 1073 1583 1139 ve
1651 1049 2290 1143 resthr'istia'norum
2318 1073 2419 1122 res
2448 1104 2470 1136 ,
2522 1055 2596 1119 δε
2616 1050 2763 1121 baec‘

593 1164 913 1240 tempora.
948 1228 955 1237 θ
986 1143 1351 1241 Nampost
1389 1069 1760 1225 carnidecata
1802 1142 2138 1217 hominum
2179 1167 2316 1216 non
2356 1148 2565 1215 minus
2583 1168 2761 1215 'cen-

589 1257 734 1307 tum
775 1238 970 1323 millia
995 1291 1015 1323 ‚
1064 1261 1147 1309 ex
1179 1262 1316 1333 quo
1357 1238 1672 1308 tentatum
1707 1262 1787 1308 an
1823 1234 2032 1335 posset
2066 1238 2435 1309 incendium
2462 1239 2594 1309 hoc
2610 1236 2757 1311 lan-

493 1382 496 1387 ·
576 1334 797 1427 guine·
818 1330 1172 1427 restingui„·
1220 1353 1396 1402 tanta
1430 1330 1787 1415 multitudo
1809 1356 1923 1429 per
1944 1332 2269 1429 Belgicam
2290 1328 2758 1423 insurrexerat,

587 1444 660 1494 ut
699 1423 957 1519 publica
993 1424 1320 1497 interdum
1355 1416 1420 1497 su
1472 1426 1705 1521 plicia,
1750 1428 2008 1522 quoties
2043 1424 2363 1523 insignior¹
2392 1450 2535 1497 reus
2565 1479 2586 1513 ,
2640 1447 2763 1499 aut

586 1521 945 1589 atrociores
982 1524 1301 1591 cruciatus
1335 1572 1359 1609 ‚
1409 1448 1727 1592 seditione
1764 1521 2251 1617 impedirentur.
2349 1527 2568 1617 Atque
2605 1518 2757 1607 haec
2837 1576 2846 1579 -

584 1631 923 1685 moverant
954 1616 1309 1712 Hungariae
1330 1617 1641 1712 ‚reginam
1660 1668 1682 1701 ‚
1733 1637 1886 1710 ‘quae
1923 1615 2135 1685 fratris
2155 1613 2396 1686 'Caroli
2410 1611 2580 1710 juffu
2600 1616 2757 1699 Bel-,-

585 1710 749 1802 gicae
785 1706 1158 1803 praefidebat
1186 1762 1208 1795 ‚
1256 1707 1461 1804 ipsum
1498 1711 1567 1779 in
1604 1712 1953 1785 Germania
1991 1709 2203 1780 adhuc
2241 1709 2587 1780 haerentem
2630 1733 2756 1781 co-

544 1816 550 1823 ·
584 1808 722 1877 ram
742 1802 1046 1873 accedere
1070 1856 1090 1888 ,
1146 1807 1219 1872 δε
1244 1801 1522 1875 edocere
1544 1856 1567 1889 ‚
1605 1806 1671 1874 in
1692 1824 1999 1901 quantam
2020 1803 2292 1900 stragem
2313 1799 2755 1901 proceffissent

265 1897 519 2046 W
587 1892 693 1965 illa
716 1948 738 1982 ,
787 1919 933 1991 quae
967 1896 1250 1969 remedia
1289 1896 1692 1983 dicebantur.
1761 1901 1979 1993 Qeis
2019 1899 2357 1995 Philippus
2374 1895 2530 1968 nihil
2551 1902 2752 1979 terri-2

264 2060 379 2098 nem
409 1987 530 2098 ἔξω
588 2007 691 2059 tus
711 2042 733 2074 ,
816 1994 937 2083 atri
960 2010 1181 2086 coepta
1196 1991 1527 2073 instantius
1550 1993 1859 2089 urgebat,
1879 1992 2179 2088 asperatis
2199 1991 2423 2063 ediffis
2445 2044 2466 2077 ,
2490 1990 2750 2089 aliaque

263 2073 490 2183 amisos·
586 2106 762 2154 reme
811 2087 869 2155 ia
902 2083 1243 2173 moliendo
1273 2138 1295 2172 ,
1348 2106 1496 2181 quae
1530 2083 1949 2177 vetustestens
1987 2084 2241 2157 malum'
2260 2088 2740 2183 opprimerent.

262 2203 416 2261 urget.
586 2174 786 2255 Causa
809 2232 831 2264 ‚
878 2174 949 2249 su
995 2202 1065 2247 ra
1090 2202 1477 2269 ‘communes
1508 2178 1662 2252 alias
1686 2234 1709 2267 ,
1755 2182 1891 2252 haec
1923 2182 2188 2279 proprie
2227 2180 2577 2275 conjeRari
2718 2222 2750 2236 -

583 2270 744 2357 test,
791 2202 993 2370 quod³
1016 2272 1149 2369 ipse
1190 2274 1539 2366 Pontificis
1570 2277 1858 2370 Romani
1879 2275 2260 2348 auctoritate
2278 2273 2361 2345 ad
2381 2296 2483 2346 res
2505 2297 2572 2345 m
2639 2294 2742 2362 tas

577 2370 672 2437 uti
697 2366 1047 2462 statuerat„
1070 2369 1252 2438 Nam
1265 2393 1424 2440 cum
1446 2369 1501 2439 is
1522 2394 1721 2468 regna
1739 2371 1922 2444 dono
1949 2363 2102 2442 dare
2126 2423 2148 2455 ‚
2167 2369 2273 2466 jus
2293 2422 2315 2455 ,
2331 2366 2455 2455 faS,
2475 2391 2736 2465 aequum

575 2484 659 2530 ex
680 2459 792 2532 usu
813 2459 1512 2559 temperare‚consensu
1534 2483 1638 2535 tot
1656 2469 1950 2560 gentium
1963 2464 2292 2536 obtineret
2310 2493 2331 2549 3
2352 2464 2509 2535 dum
2529 2462 2738 2558 ipsum

575 2550 899 2650 obsequio
921 2608 943 2642 ,
995 2561 1367 2652 proximum
1409 2580 1736 2654 quemque
1767 2558 1858 2628 lar
1908 2557 2221 2628 itionibus
2241 2556 2424 2628 suum
2455 2555 2738 2645 faceret,

576 2646 832 2720 fiduciae
862 2670 1059 2744 atque
1097 2650 1407 2738 obtentus
1450 2655 1518 2724 in
1538 2652 1667 2723 hoc
1681 2582 1936 2724 abunde
1952 2649 2309 2723 videbatur.
2343 2641 2354 2665 ‘
2380 2655 2557 2722 Tum
2578 2675 2738 2724 vero

577 2743 698 2816 suis
734 2741 864 2841 ipse
898 2748 1315 2840 paternisque
1363 2749 1824 2839 experimentis
1862 2743 2179 2818 didicerat
2218 2799 2241 2832 ,
2303 2767 2499 2841 quam
2538 2768 2742 2842 grave

570 2837 733 2909 effet
767 2838 938 2909 illam
979 2844 1341 2935 potentiam
1375 2838 1611 2932 babere
1632 2837 1956 2913 adversam
1978 2893 2000 2926 ‚
2046 2864 2084 2910 a
2111 2863 2237 2937 qua
2264 2841 2517 2912 veniam
2534 2843 2738 2913 etiam

572 2930 751 3003 bello
772 2933 1049 3005 victores
1072 2953 1436 3029 precantur.
1505 2937 1567 3005 Is
1587 2955 1724 3005 erat
1745 2958 1957 3026 rerum
1973 2933 2168 3006 status
2187 2986 2210 3020 ‚
2241 2934 2308 3005 hi
2330 2931 2554 3030 populi
2581 2957 2737 3018 mo·-

577 3048 678 3095 res
708 3079 729 3112 ‚
777 3051 927 3100 cum
968 3028 1252 3123 Philippi
1274 3029 1444 3124 regis
1468 3025 1734 3099 dist-,essu
1752 3028 1838 3099 de
1855 3018 2101 3099 summa
2128 3029 2503 3123 praefeaura
2522 3047 2737 3098 certa-

292 3143 527 3217 arnusto-
582 3141 719 3190 tum
755 3120 864 3191 est.
940 3124 1105 3190 Non
1139 3123 1320 3191 erant
1360 3118 1527 3204 infra
1564 3123 1727 3195 hanc
1766 3120 1939 3221 spem
1973 3120 2450 3194 Arausionensis
2490 3127 2565 3192 &
2593 3124 2731 3218 Ege

255 3213 386 3291 ΜΨ
432 3216 500 3284 ὁ·
582 3215 861 3285 mondus
888 3267 909 3300 ‚
953 3217 1055 3286 led
1075 3213 1340 3283 omissus
1358 3235 1630 3310 uterque
1654 3218 1784 3286 hoc
1801 3216 2081 3288 obtentu
2098 3270 2119 3303 ‚
2146 3240 2254 3301 ne,
2323 3216 2541 3286 raelato
2563 3216 2733 3288 alte·-

242 3289 505 3433 [ῙΞηΜ
580 3333 656 3379 ro
683 3363 704 3393 ,
734 3313 1055 3404 pei-‘petuis
1078 3306 1500 3380 limultatibus
1522 3307 1944 3381 distraherent
1962 3310 2270 3408 Rempub
2295 3317 2482 3388 icam.
2547 3313 2727 3383 Tum
2755 3308 2768 3320 '

248 3377 545 3507 gatffpfnz‘.
576 3405 742 3474 inter
775 3401 1076 3474 foeminas
1095 3401 1588 3498 ambigebatur,
1631 3403 2091 3489 Christiernam
2111 3457 2132 3490 ‚
2170 3408 2276 3475 cui
2298 3406 2563 3476 maritus
2581 3401 2728 3475 fue·
2809 3447 2816 3456 =

223 3500 457 3583 ,fedus-a.
574 3517 673 3567 rat
711 3499 762 3568 F
767 3495 1082 3584 ranciscus
1118 3497 1714 3594 Lotlratingiaeduit
1736 3552 1759 3584 ‚
1803 3496 2149 3576 avunculus
2168 3498 2445 3570 Carolus
2466 3494 2676 3568 cressr
2696 3528 2724 3586 3

576 3594 653 3659 δε
689 3592 805 3660 Ma
887 3589 1113 3662 aritam
1153 3643 1174 3677 ‚
1239 3612 1385 3684 quae
1420 3594 1442 3660 i
1492 3591 1539 3663 fi
1584 3592 1837 3664 Carolo
1870 3614 2050 3667 extra
2098 3594 2480 3691 conjugium
2524 3611 2674 3663 nata
2696 3645 2726 3679 ,

568 3614 945 3756 Alexantsro
984 3688 1265 3781 primum
1300 3687 1420 3755 Me
1470 3690 1630 3757 icaeo
1653 3739 1676 3771 ‚
1724 3685 1875 3757 inde
1908 3685 2193 3760 Octavio
2233 3685 2534 3761 Famefio
2568 3687 2732 3757 Par-'-

565 3777 873 3851 menfium
910 3776 1060 3849 duci
1105 3775 1421 3874 nupserat.
1491 3784 1568 3851 In
1605 3780 2063 3860 Christiernam
2088 3802 2397 3879 promota
2413 3778 2725 3860 Arausio-

563 3871 774 3942 nenlis
813 3876 888 3941 &
921 3871 1263 3969 Belgarum
1299 3871 1501 3958 studia
1525 3931 1553 3958 „
1599 3874 1704 3947 sed
1739 3897 1968 3953 contra
1989 3876 2341 3949 tendebant
2363 3873 2722 3947 Ferdinan-

545 3962 686 4038 'dus
718 3965 981 4048 Alvares
1014 3966 1377 4039 Toletanus
1412 3968 1614 4040 Albae>
1639 3968 1773 4042 dux
1794 4025 1816 4058 ,
1849 3975 1947 4042 Δδιε
1978 3971 2305 4043 Antonius
2330 3971 2720 4044 Perenottus

565 4060 910 4138 Granveua
951 4059 1339 4136 Atrebatum
1377 4062 1681 4154 antistes3
1725 4088 1898 4164 quos
1921 4069 2084 4164 patri
2113 4065 2482 4150 individuos
2502 4088 2714 4227 qqpn·

2611 4179 2715 4228 am
