2900 4628
402 180 1437 256 HISTORIARVM
1519 183 1760 253 LIB.
1843 184 2058 253 xvi.
2188 202 2315 274 525

158 292 259 363 tio
276 280 554 387 produci
569 291 655 363 ad
669 290 1058 388 Burgundos
1075 292 1335 390 poterat
1358 345 1381 378 ,
1403 290 1622 389 Belgis
1641 290 1880 365 adfitos
1900 295 1978 362 &
1999 294 2320 391 principa-
2369 319 2401 365 1
2413 297 2499 367 60
2504 319 2577 379 7.

157 386 427 459 mindiv
497 381 645 471 sos,
681 408 766 457 ne
781 383 1176 458 Ricardotus
1196 385 1643 459 excluderetur
1662 439 1684 471 ‚
1718 408 1916 482 quem
1938 384 2219 458 consiliis
2243 393 2321 458 δε

106 548 113 554 ,
157 478 369 580 longo
402 505 445 552 u
474 502 514 550 u
552 478 711 551 anlae
746 477 914 551 illius
944 484 1224 575 primum
1248 480 1378 553 hoc
1397 474 1584 553 ta'nto
1607 484 1880 576 negotio
1902 478 2069 551 haud
2090 479 2325 569 abfore

158 573 306 648 fitis
327 599 411 674 ap
565 572 704 645 bat.
751 574 1042 659 Rediere
1056 597 1096 645 e
1115 577 1328 645 Dania
1350 574 1626 646 Iacobus
1645 571 1973 654 Boulefius
1992 572 2326 645 Amstelo-

158 670 393 742 damen
444 692 474 739 s
497 720 520 753 ,
558 668 882 740 Nicolaus
911 669 1191 741 Iacobus
1218 669 1592 740 Simonides
1622 670 1973 741 Hornanus
1997 718 2019 753 ,
2043 668 2324 740 Iacobus

153 768 279 840 Ma
328 787 449 834 nus
486 761 1073 859 Middelburgenfis
1097 814 1119 847 ‚
1166 760 1327 833 miffi
1363 761 1511 833 illuc
1526 766 1641 856 qui
1822 783 1927 831 em
1943 758 2278 833 salutarent
2299 814 2323 847 ,

153 787 552 954 cotffiliaque
587 858 724 952 ejus
758 854 1204 952 exposcerent.
1270 856 1424 929 Nec
1442 858 1653 928 multo
1676 879 1767 953 po
1837 854 2064 925 adsunt
2085 859 2316 927 Daniae
2362 857 2630 919 Datiano-

152 955 356 1059 legati
375 952 652 1024 Iacobus
669 946 1016 1037 Vlfeldius,
1029 950 1180 1020 clari
1197 953 1456 1047 generis
1473 974 1552 1021 ac
1570 949 1928 1046 prudentiae
1951 946 2312 1037 senator,&
2335 944 2550 1070 φφ

156 1053 357 1122 Ionas
381 1045 440 1117 C
447 1044 731 1118 harifius.
747 1043 945 1116 Venit
967 1049 1043 1114 &
1065 1067 1103 1114 a
1125 1043 1659 1139 Brandeburgico
1677 1045 1969 1140 principe
1989 1048 2314 1141 Hierony·
2340 1068 2412 1123 aa
2503 1023 2636 1130 ἔξ,

154 1165 304 1214 mus
316 1136 585 1227 Distua,
605 1144 682 1210 δε
697 1161 856 1210 mox
873 1159 910 1208 a
931 1137 1225 1209 Palatino
1241 1138 1645 1235 Hippolytus
1664 1163 1702 1220 a
1729 1136 2057 1222 Collibus,
2074 1139 2313 1209 clarum
2340 1154 2471 1222 '4105
2504 1142 2637 1221 lega·

152 1236 338 1309 libris
360 1234 555 1307 editis
577 1288 600 1322 ,
622 1232 954 1329 obitisque
969 1231 1405 1328 legationibus
1421 1255 1681 1303 nomen.
1731 1238 1823 1302 At
1847 1232 2174 1305 Rudolfus
2195 1236 2316 1303 im·-
2343 1226 2403 1269 ¹⁸·

127 1412 130 1417 p
344 1353 426 1400 or
459 1330 677 1403 literas
710 1325 878 1399 mifit
910 1324 1241 1422 inscriptas
1274 1324 1358 1397 ad
1377 1325 1745 1399 Hellandiae
1764 1325 2223 1430 Zelandiaeque
2243 1328 2319 1395 &
2348 1287 2630 1418 ,mm

157 1348 477 1498 mrum
498 1425 833 1494 nationum
848 1418 1162 1507 Ordines,
1180 1424 1369 1517 queis
1389 1419 1644 1492 labores
1662 1418 1777 1492 fibi
1801 1422 2099 1516 patrique
2111 1420 2323 1493 rusce—
2349 1423 2509 1489 litem
2637 1428 2645 1441 ⁸

68 1540 69 1545 ’
159 1538 318 1618 ptos
350 1514 685 1588 audiendis
724 1509 1011 1611 ipsorum
1095 1513 1324 1587 uerelis
1350 1517 1426 1584 δι
1456 1517 1661 1610 quieti
1686 1514 2110 1611 procuranda:
2133 1539 2327 1587 com·-

157 1608 588 1685 memorabat.
613 1614 753 1681 Iam
767 1629 927 1679 vero
947 1606 1014 1678 di
1069 1612 1196 1689 etri
1215 1606 1614 1697 rumoribus,
1637 1612 1781 1706 paci
1803 1604 1976 1707 iplbs
1995 1634 2145 1681 cum
2172 1609 2326 1680 Phi-

56 1792 59 1793 ,
114 1770 121 1779 .
154 1704 252 1804 lip
362 1727 517 1802 rege
534 1723 732 1799 atque
750 1700 1032 1774 Alberto
1053 1706 1390 1779 imminere
1417 1756 1440 1790 ,
1477 1696 1585 1773 sed
1603 1703 1765 1795 velle
1782 1706 1870 1773 im
1918 1707 2098 1784 rimis
2116 1707 2329 1775 Rem·

159 1824 251 1899 pu
298 1800 489 1871 licam
506 1796 680 1870 suam
693 1795 961 1869 liberam
982 1799 1386 1891 pronuntiari
1408 1819 1428 1864 ε
1456 1799 1670 1867 mirari
1688 1796 1847 1868 nihil
1890 1820 1928 1867 e
1949 1818 2123 1869 tanta
2144 1798 2231 1870 de
2254 1821 2326 1867 re

158 1886 516 1977 monitum,
533 1915 684 1963 cum
698 1888 956 1987 Belgica
971 1893 1190 1962 omnis
1209 1894 1299 1961 im
1388 1894 1467 1960 rii
1481 1890 1772 1961 Romani
1790 1889 2056 1964 feudum
2072 1890 2227 1963 effer
2247 1896 2327 1961 δε
2401 1936 2412 1985 3

258 1992 413 2058 rtio.
480 1983 795 2057 Viderent
833 2006 997 2082 ergo
1015 2007 1098 2073 ne
1114 1984 1274 2081 quid
1319 2008 1408 2056 uo
1423 1981 1654 2076 injuflu
1672 1985 2050 2069 inchoarent
2073 2039 2093 2073 ,
2190 1985 2325 2057 uod
2475 2025 2482 2030 ⁴
2524 1974 2534 1989 ’

191 2081 352 2153 eudi'
364 2079 616 2178 legibus
683 2076 1110 2151 rohiberetur.
1160 2078 1379 2150 Visum
1396 2077 1490 2149 est
1507 2076 1869 2151 Ordinibus
1892 2078 2122 2178 respon
2168 2103 2282 2153 ere
2301 2133 2321 2167 ,
2383 2100 2638 2158 oram

157 2176 496 2342 {nlmiquam
517 2101 720 2341 idsfizi
734 2178 1281 2341 cogiiitlamtqfafitgt
1300 2172 1644 2341 Aslbergum
1661 2172 1841 2338 ri‘ratri
1863 2227 1885 2261 ,
1905 2196 2015 2245 aut
2035 2199 2119 2286 co
2170 2196 2324 2248 nato
2348 2169 2595 2251 ”5⁰¹⁸ssst

266 2295 332 2342 ιι
431 2292 542 2341 um
604 2291 855 2340 uacon
928 2291 1064 2339 rac
1261 2321 1278 2339 .
1444 2292 1482 2339 a
1626 2291 2092 2343 unoncomm
2172 2293 2328 2345 uros

80 2453 81 2456 Ἴ
155 2292 501 2452 fuiffepfut
527 2367 823 2461 ignarum
841 2347 1085 2461 incepti
1108 2362 1422 2433 Caesarem
1442 2290 1835 2460 paijeqrentur.
1887 2368 2082 2438 Haud
2103 2369 2330 2444 immo-

155 2481 380 2533 mores
411 2454 474 2530 {e
503 2458 841 2555 questuum
868 2510 891 2544 ,
937 2480 1108 2554 quos
1151 2455 1544 2552 iniquiffimo
1574 2455 1910 2530 dominatu
1945 2459 2225 2558 oppreffi
2244 2458 2329 2531 ad

156 2555 733 2649 Imperatorem&
753 2571 1110 2624 conventus
1132 2554 1498 2634 Germaniae
1517 2550 1934 2647 pertulissent,
1958 2553 2328 2651 priusquam

155 2647 451 2720 Mathias
468 2644 740 2732 causam,
755 2669 788 2716 r
823 2695 826 2700 -
877 2648 1044 2716 'men
1095 2669 1174 2716 ue
1200 2642 1646 2742 sustiperet,&
1712 2647 2010 2742 ostquam
2029 2647 2202 2720 idem
2218 2648 2329 2719 ille

158 2740 425 2839 Belgica
443 2739 807 2812 excefferat.
919 2739 966 2811 d
985 2764 1070 2810 nu
1118 2764 1189 2811 as
1210 2737 1361 2810 inde
1378 2735 1614 2820 venisse
1666 2744 2075 2837 uppetias,ne
2098 2742 2163 2812 id
2184 2745 2330 2837 qui-

157 2835 317 2908 dem
333 2833 606 2907 oblitos.
675 2838 842 2908 Sane
870 2856 1031 2903 mox
1053 2833 1358 2907 Coloniae
1376 2835 1444 2905 in
1468 2831 1627 2906 urbe
1645 2856 1865 2904 coram
1885 2838 2139 2931 imperii
2158 2834 2332 2932 lega·

158 2934 249 3002 tis
267 2928 353 3001 de
376 2952 537 3027 pace
555 2927 1003 3027 disceptatum.
1037 2925 1169 2999 Sed
1190 2950 1340 2999 cum
1360 2927 1559 2998 hanci
1610 2924 1738 2997 [am
1754 2927 2159 3001 occasionem
2177 2928 2330 3002 belli

155 3026 369 3096 acrius
390 3023 658 3121 gerendi
681 3022 882 3096 hostis
901 3025 1236 3119 arriperet,
1259 3019 1531 3093 coastos
1572 3044 1611 3092 e
1628 3021 1869 3093 morbo
1889 3022 2072 3095 aliter
2091 3020 2342 3106 insanaf

161 3113 283 3192 bili
312 3113 680 3215 supremum
700 3138 988 3213 quaerere
1006 3114 1363 3188 remedium
1387 3173 1411 3202 ,
1460 3135 1531 3186 ut
1549 3116 1820 3188 decreto
1840 3117 2107 3214 publico
2130 3118 2333 3215 pluri-

161 3232 411 3282 marum
433 3217 772 3284 nationum
796 3214 1227 3309 principatum
1246 3209 1414 3284 Phili
1468 3233 1582 3307 po,
1596 3227 1793 3307 quem
1812 3212 2036 3305 juratis
2047 3210 2161 3285 sub
2178 3212 2337 3310 legi-

162 3300 289 3378 bus
307 3326 645 3402 acceperat
668 3360 690 3393 ,
737 3303 986 3377 easdem
1006 3306 1102 3378 ob
1118 3305 1294 3402 leges
1313 3328 1380 3375 m
1448 3310 1536 3376 tis·
1547 3304 1770 3378 modis
1785 3306 2056 3379 violatas
2073 3302 2337 3380 abdice-

159 3418 330 3471 rent.
379 3403 477 3473 Ex
491 3425 576 3473 eo
597 3400 682 3471 de
700 3399 996 3473 libertate
1012 3398 1116 3472 sua
1125 3401 1264 3493 jure
1284 3420 1464 3496 parta
1483 3451 1503 3485 ,
1524 3404 1718 3471 armis
1739 3399 1993 3473 defensa
2012 3456 2033 3488 ,
2055 3427 2136 3474 ne
2158 3408 2332 3502 regi·-

158 3491 287 3567 bns
303 3493 571 3589 quidem
592 3494 982 3570 dubitatum.
1017 3496 1294 3589 Sanguis
1321 3498 1394 3564 &
1417 3493 1569 3567 belli
1589 3494 1751 3565 mala
1772 3517 1967 3591 quam
1989 3497 2104 3569 fibi
2124 3495 2337 3594 displi-

144 3609 387 3664 “cerent
524 3592 633 3672 ‚ius
650 3587 713 3662 se
736 3593 810 3659 δε
831 3590 1244 3688 Imperatori,
1274 3591 1349 3657 &
1365 3586 1463 3658 his
1481 3609 1629 3683 quae
1646 3590 1870 3662 avulsae
1887 3614 1925 3660 a
1941 3588 2201 3663 foedere
2218 3617 2336 3663 na·-

160 3686 382 3755 tiones
398 3685 460 3754 A
630 3709 679 3757 o
698 3693 1095 3782 regerentur,
1115 3682 1408 3769 testatos,
1427 3679 1659 3755 addito
1680 3703 1894 3757 tamen
1913 3685 2338 3784 stmperfflm-

156 3771 302 3849 lum
318 3774 381 3847 se
398 3779 643 3851 exitum
664 3779 912 3877 sperare
932 3829 954 3862 ,
994 3777 1108 3851 nifi
1175 3772 1504 3849 raesentem
1524 3777 1753 3849 statum
1769 3782 2083 3853 retinente
2105 3784 2336 3876 Repu-

160 3871 366 3946 blica.
412 3875 638 3968 Atque
659 3873 1064 3948 huctandem
1082 3803 1422 3947 Albenum
1442 3924 1467 3961 ,
1504 3873 1632 3944 huc
1652 3876 1727 3942 &
1750 3874 2118 3972 Philippum
2139 3875 2336 3946 deve-

161 3963 354 4055 nifl'e,
378 3986 452 4037 ut
472 3969 776 4042 intactam
798 3967 1230 4066 relinquerent
1247 3967 1610 4039 libertatem
1636 3999 1658 4052 3
1691 3966 1877 4063 quod
1900 3973 2233 4064 utriusque
2251 3972 2337 4039 li-

157 4067 318 4140 teris
346 4058 604 4156 doceri,
618 4085 893 4162 quarum
908 4061 1204 4161 exempla
1228 4063 1849 4137 transmittebantur.
1893 4064 1969 4134 N
1974 4075 2098 4136 unc
2119 4061 2336 4225 cocpfi-

2232 4177 2339 4228 cre
