2900 4628
365 168 1387 239 H1sr0R1A-RvM
1469 138 1710 242 ΜΒ.
1788 172 2001 242 xvi.
2165 192 2295 265 505

137 274 613 349 minabantur.
681 279 997 373 Namque
1013 276 1267 350 Indiam
1302 274 1513 348 versus
1535 276 1670 348 hoc
1691 301 1840 355 vere
1855 279 2017 349 duas
2030 280 2246 348 Batavi
2266 325 2291 353 ,
2347 295 2557 377 1607,

134 391 267 442 tres
303 375 409 442 An
458 371 713 443 li'nave‘s
750 372 1001 443 misere.
1071 373 1445 468 Anglorum
1480 374 1693 469 major
1713 376 1780 444 in
1803 372 2068 470 praesens
2104 390 2288 467 quae-
2350 366 2612 484 ΜΒ..

132 464 264 539 stus
310 487 329 534 z
405 466 489 535 ed
515 462 1054 545 famalaborabat.
1120 462 1357 564 Nuper
1394 470 1568 537 enim
1584 466 1862 541 reversus
1900 490 2079 540 exeo
2125 463 2290 535 orbe
2316 483 2614 563 mique»...-

132 559 476 634 Eduardus
489 560 987 632 Michelbornus
1008 615 1027 648 ,
1076 560 1252 631 ccede
1269 560 1692 632 barbarorum
1708 586 1788 633 ac
1797 565 2041 659 rapinis
2059 582 2285 631 macu·
2312 569 2402 679 2²⁵
2413 569 2470 608 Μ
2483 565 2567 641 1²3-

132 651 285 725 laffe
330 658 724 726 commercia
768 654 1118 727 ferebatur.
1211 654 1355 752 Ipse
1400 654 1664 752 culpam
1703 657 1883 728 Indis
1921 654 2282 751 delegabat,
2315 640 2584 755 xm·

131 768 366 821 contra
383 744 633 819 caulam
663 750 918 822 dicente
938 753 1221 823 nemine.
1292 753 1447 821 Nec
1469 749 1732 821 deerant
1749 756 1863 846 qui
1891 749 2153 821 similem
2171 772 2282 818 au-

131 842 388 915 daciam‘
431 842 855 916 accenderent
873 899 894 932 ‚
944 849 1034 917 ita
1054 848 1373 939 majorum
1388 844 1446 914 le
1500 843 1638 915 ‘bus
1665 868 1926 916 cautum
1957 844 2232 915 ferentes
2257 892 2281 927 ,

132 934 469 1009 commista
493 942 560 1011 in
577 960 882 1010 externos
903 993 922 1023 ,
941 938 1319 1034 quibuscum
1387 867 1597 1011 ubgllica
1619 936 1868 1011 foedera
1893 931 2025 1010 non
2046 936 2242 1008 effent
2263 987 2285 1021 ,

132 1033 203 1103 in
237 1034 566 1107 Britannia
598 1057 735 1103 non
755 1033 1106 1109 vindicari..
1152 965 1381 1129 Simul2
1396 1036 1709 1130 agitatum
1743 1058 1830 1103 ne
1862 1032 2150 1130 Hispano
2166 1030 2281 1102 soli
2349 1027 2574 1101 Anglida

90 1200 93 1201 γ
131 1129 434 1215 America
468 1132 971 1221 permitteretur.
1039 1130 1297 1199 Partem
1319 1128 1457 1222 ejus
1482 1126 1841 1225 Virginiam
1866 1132 2131 1198 nomine
2171 1130 2284 1196 tri-
2311 1108 2572 1242 &gau

126 1220 373 1292 eefimo
411 1244 650 1316 quarto
680 1226 773 1294 cis
812 1221 1355 1318 AEquinoetialem
1379 1218 1626 1317 gradu,
1666 1221 2049 1318 jamdudum
2085 1218 2281 1317 Angli
2309 1238 2606 1322 conpungae‘-

130 1313 251 1389 fibi
288 1312 613 1389 vindicant
637 1370 658 1402 ‚
705 1317 891 1412 quod
926 1321 1117 1412 primi
1158 1339 1301 1388 eam
1319 1340 1507 1399 oram
1546 1320 1813 1388 interius
1842 1320 2236 1415 penetrarint
2259 1316 2440 1400 ,km-

127 1408 348 1480 indito
381 1412 447 1480 in
486 1410 800 1485 honorem
839 1416 1078 1508 reginae
1121 1409 1499 1483 Elisabethae
1525 1463 1549 1497 ,
1584 1411 1772 1506 quod
1803 1435 1978 1483 nunc
2014 1432 2288 1506 quoque
2359 1474 2370 1491 χ

124 1506 300 1600 apud
322 1503 469 1575 illos
493 1501 690 1578 servat
711 1559 733 1592 ‚
779 1505 1127 1578 vocabule.
1197 1503 1434 1576 Coaeti
1459 1556 1481 1591 ‚
1529 1582 1530 1587 ἵ
1578 1504 1953 1576 uibusiners
1969 1506 2154 1577 domi
2175 1527 2289 1600 pe-

123 1602 317 1668 cunia
334 1600 469 1671 lucr
514 1625 579 1669 tn
605 1623 873 1696 peregre
886 1586 1178 1696 sperabat
1199 1651 1221 1686 ,
1243 1527 1669 1696 collegiaduo
1684 1597 2011 1688 fecerant,
2047 1622 2085 1669 a
2103 1600 2292 1694 queis

123 1691 387 1790 singulae
406 1718 444 1764 c
514 1718 687 1789 onrae
705 1718 810 1765 eas
828 1699 895 1766 in
914 1715 1115 1766 terras
1136 1693 1631 1775 deducerentur.
1683 1692 2046 1781 Addiderat
2065 1716 2179 1765 rex
2194 1690 2293 1763 Ia-

120 1792 338 1858 cobus
361 1788 536 1885 leges
560 1793 921 1884 &epraemia
943 1842 964 1877 ,
998 1787 1308 1889 augendae
1330 1791 1791 1858 Britannorum
1813 1788 2040 1886 gloriae
2078 1810 2098 1856 :
2147 1789 2289 1861 auri

181 1905 396 1975 noque
420 1887 493 1949 &
516 1885 767 1977 argenti
802 1906 992 1954 venas
1016 1884 1220 1954 humo
1239 1881 1438 1977 condi
1467 1934 1489 1968 ,
1536 1880 1837 1954 audenter
1857 1883 2240 1952 affirmatum
2261 1933 2284 1968 ,

118 1904 318 2051 Zeile
340 2029 361 2061 ‚
390 1995 461 2044 ut
480 1998 520 2045 a
537 1977 790 2073 cupidis
813 2027 838 2061 ‚
875 1975 1219 2053 creditum.
1289 1975 1557 2049 Initium
1579 1998 1824 2075 magno
1847 1972 2166 2047 molimini
2188 1973 2297 2050 fe··.

117 2073 224 2143 eit
257 2074 432 2142 navis
457 2094 579 2140 una
606 2125 628 2155 ,
674 2070 917 2158 stru-&o
956 2071 1180 2143 leviter
1216 2069 1476 2141 castello
1496 2073 1978 2168 repertiamnis
2013 2072 2079 2140 in
2098 2075 2235 2166 ripa
2259 2121 2282 2156 ,

116 2164 314 2259 cujus
348 2159 626 2259 piscibus
661 2185 727 2239 at
779 2187 859 2235 ue
877 2152 1013 2260 agri
1034 2168 1319 2264 proximi
1355 2162 1458 2245 fru
1507 2187 1545 2235 e
1571 2169 1766 2237 vimm
1784 2163 2134 2241 tolerarent
2169 2167 2285 2260 qui
2364 2208 2367 2211 ι

116 2257 428 2362 praefidio
460 2259 754 2356 relinque
802 2281 1033 2348 antur-3
1081 2261 1324 2332 coalitis
1361 2263 1428 2330 in
1477 2264 1684 2357 igenis
1718 2260 2065 2346 introrsum
2100 2282 2300 2353 ,rece--⁸

117 2354 309 2426 dere.
368 2355 469 2425 At
496 2354 618 2426 alia
651 2360 825 2428 navis
848 2353 1280 2455 Hispanorum
1297 2359 1471 2429 venit
1515 2364 1582 2428 in
1600 2371 1827 2427 manus
1851 2406 1872 2442 ,
1919 2379 2046 2436 nec„
2063 2355 2151 2426 illi
2168 2378 2277 2427 ve·
2383 2401 2392 2412 κ

116 2446 420 2521 &oribus
463 2453 814 2546 pepercere
851 2473 869 2518 :
920 2454 1032 2546 qui
1062 2474 1168 2546 pe
1206 2453 1322 2545 qui
1356 2472 1514 2548 pace
1541 2473 1617 2521 ac
1649 2453 1787 2546 jure
1826 2450 2008 2521 domi
2042 2449 2280 2538 reliQis

115 2540 501 2616 immensam
535 2549 687 2616 novi
714 2545 910 2617 ‘orbis
932 2570 1021 2642 po
1073 2545 1379 2620 effionem
1410 2542 1553 2617 solo
1592 2564 1846 2622 terrore
1879 2543 2278 2616 custodiunt.

118 2639 371 2733 Nuper
392 2642 466 2708 δι
490 2642 812 2713 Guianam
849 2643 1139 2712 Britanni
1157 2641 1588 2737 repetiverant
1622 2662 1642 2708 τ
1692 2639 1801 2724 sed
1822 2642 1887 2710 in
1908 2641 2137 2710 itinere
2169 2660 2280 2707 or,

121 2752 197 2809 ta
216 2729 534 2816 seditione
556 2756 700 2836 pars
732 2732 959 2808 omiffa
976 2738 1117 2812 navi
1149 2738 1216 2805 in
1237 2730 1433 2810 insula
1464 2731 1818 2820 manserat,
1860 2753 2057 2827 atque
2079 2728 2281 2801 ibila.

121 2823 365 2910 eeffitis
381 2850 500 2922 per
511 2828 804 2921 injuriam
825 2828 1109 2900 barbaris
1132 2881 1152 2914 ‚
1202 2830 1388 2924 petiti
1401 2825 1577 2900 bello
1604 2879 1625 2914 ,
1657 2827 1865 2902 vietus
1883 2831 2111 2924 inopes
2137 2875 2158 2910 ,
2179 2847 2286 2894 ca*

120 2921 525 2996 vataarbore
543 2915 905 2995 Oceano‘se
924 2926 1301 2995 commisere
1339 2945 1358 2990 :
1400 2923 1490 2989 ita
1508 2920 1737 2994 decem
1759 2925 2119 2992 'continuos
2138 2918 2280 2997 dies

115 3015 347 3111 justati
366 3015 848 3112 tempestatibus
872 3071 892 3104 ‚
940 3012 1311 3116 expulsique
1328 3020 1393 3088 in
1417 3012 1718 3119 scopulos
1740 3067 1761 3102 ,
1806 3016 1914 3086 vix
1929 3028 2160 3088 terram
2180 3033 2287 3084 te·
2393 3046 2398 3051 ·

125 3129 431 3186 nuerunt.
464 3110 468 3121 '
496 3114 650 3181 Nee
686 3115 897 3184 minus
913 3109 1040 3186 illie
1072 3110 1365 3210 periculi.
1433 3111 1617 3186 Nam
1648 3112 1821 3204 capti
1840 3108 1922 3179 ab
1942 3104 2230 3206 Hispano
2250 3162 2278 3197 ⁸

127 3205 252 3368 gui
269 3222 480 3292 tamen
499 3208 750 3279 veniam
773 3259 793 3292 ‚
841 3209 1013 3278 velut
1029 3231 1162 3278 non
1184 3203 1410 3302 sponte
1441 3203 1577 3274 illas
1603 3207 1670 3275 in
1686 3225 1834 3276 oras
1851 3202 2076 3276 delatis
2102 3256 2123 3289 ‚
2169 3201 2282 3273 de-

181 3300 255 3374 it.
322 3299 574 3376 Altiora
618 3299 817 3398 longe
834 3304 901 3371 in
935 3304 1183 3373 Batavis
1207 3300 1515 3379 consilia,
1560 3303 1678 3385 δε,
1725 3302 1840 3395 qui
1860 3320 2006 3369 mos
2026 3299 2277 3393 magnis

124 3396 509 3479 conatibus,
550 3393 735 3466 tarde
770 3393 1192 3470 struebantur.
1275 3394 1667 3491 Iampridem
1700 3395 1928 3497 ingens
1961 3414 2277 3463 mercato-

124 3510 314 3572 rum,
356 3494 423 3562 in
471 3505 585 3567 ens
618 3509 947 3560 nautarum
985 3494 1174 3593 copia
1196 3543 1218 3576 ‚
1266 3508 1405 3559 tum
1443 3491 1786 3586 pecuniae,
1821 3509 2079 3585 quantae
2098 3485 2277 3562 credi

120 3606 267 3662 non
301 3607 390 3679 po
443 3605 555 3658 ent
576 3637 596 3669 ,
640 3607 835 3680 penes
859 3587 1141 3682 privatos
1157 3608 1371 3660 vacuae
1400 3637 1420 3672 ‚
1460 3580 1720 3660 ademto
1757 3581 2076 3681 Hispaniae
2093 3605 2279 3654 com-2

120 3681 383 3753 mercio
400 3732 422 3763 ‚
467 3702 588 3756 nec
608 3679 955 3768 sufficiente
977 3680 1163 3752 India
1185 3734 1204 3766 ,
1254 3676 1387 3752 sola
1406 3683 1714 3760 America
1746 3678 1950 3752 satiari
1977 3673 2156 3776 posse
2177 3679 2277 3747 vi·-

120 3769 448 3842 debantur
472 3824 497 3855 ,
545 3795 695 3868 quae
715 3794 944 3867 praeter
965 3770 1046 3843 fil
1090 3777 1165 3852 δε
1185 3775 1504 3846 saccatum
1530 3827 1552 3860 ,
1598 3796 1674 3844 ac
1737 3771 1968 3845 retiosa
2003 3773 2178 3869 ligna
2199 3775 2276 3850 &t

118 3863 599 3956 medicamenta
636 3866 905 3944 metallis
924 3864 1179 3965 insuper
1220 3867 1509 3942 scateret.
1576 3870 1661 3946 se
1738 3867 1913 3969 spem
1947 3864 2278 3950 mercandi

124 3959 820 4059 praecidebat-insidens
840 3964 1161 4057 praecipua
1197 3961 1491 4033 littorum
1518 3963 1859 4060 HispanuS.
1935 3966 2167 4054 Qare
2194 3959 2280 4039 ad
2443 4031 2456 4040 x

122 4059 430 4164 privatas„
453 4077 623 4161 opes
648 4056 957 4136 accedere
985 4056 1276 4231 debebatI
1303 4082 1383 4166 βξ
1402 4058 1666 4164 publico
1688 4062 1784 4133 vis
1803 4063 1877 4148 δε
1907 4057 2279 4223 auitorhitae.
2329 4053 2334 4060 “

134 4187 147 4196 -
352 4205 359 4210 .
775 4180 778 4183 ’
1296 4176 1323 4240 1
1369 4176 1411 4248 5
2179 4167 2275 4214 m·-
