2900 4628
310 317 515 390 1608.

578 214 703 302 558
1010 208 1663 284 nvGoNis
1772 208 2307 302 onorrt

572 344 651 403 ¹ut
678 320 906 393 decem
938 302 1148 417 prope
1167 318 1460 390 ducentis
1482 338 1894 422 permutaret.
1960 320 2180 393 Naves
2203 318 2490 393 hostium
2508 334 2738 415 captas

575 414 800 487 exuffit
826 469 845 503 ,
878 437 959 486 ne
974 418 1161 484 oneri
1177 411 1439 485 forent:
1474 417 1727 484 iervatis
1744 416 2051 485 machinis
2079 469 2097 498 ,
2116 438 2263 511 quae
2281 414 2464 507 bello
2491 432 2698 510 partae
2716 466 2742 501 ,

576 514 804 607 viginti
827 528 1126 604 quatuor.
1156 515 1383 604 *Atque
1403 527 1476 578 ut
1496 508 1599 578 bic
1617 515 1894 604 egregia}
1910 533 2034 594 res,
2056 512 2141 577 ita
2159 534 2197 578 e
2226 511 2564 582 Moluccis
2580 532 2741 578 con·

576 609 768 674 traria
790 602 1264 674 nuntiabantur.
1318 602 1858 698 Nam-postquam
1878 604 2185 673 Tidorim
2206 608 2404 673 veteri
2523 599 2746 674 ffefl‘o·

576 704 634 768 ri
659 699 869 768 Verba
921 700 1015 766 ius
1036 694 1401 790 permiserat
1426 750 1446 779 ‚
1497 695 1777 767 Lufitani
1800 695 2062 790 quidam
2082 696 2302 792 dilapfi
2327 704 2395 768 in
2421 627 2748 792 ffiilippi-

578 817 691 864 nas
719 846 740 879 ,
786 792 845 885 (Ἢ
893 789 1171 861 astellani
1188 794 1439 886 imperii
1459 814 1530 859 ea
1553 795 1774 885 portio
1795 790 1889 859 est
1910 844 1929 874 ,
1971 802 2166 885 quam
2187 791 2515 888 indigenae
2536 791 2744 861 Luto-

581 891 755 956 niam
776 885 1053 976 vocant)
1140 882 1467 953 raefecmm
1489 886 1749 953 Petrum
1786 888 2077 953 Acunam
2100 885 2326 957 auxilia
2351 908 2548 956 orant
2571 940 2595 969 ,
2634 909 2747 954 ex-

581 1000 920 1074 orantque.
990 907 1242 1049 Sed'iex
1261 976 1478 1048 addita
1503 1031 1524 1063 ,
1568 998 1640 1047 ut
1662 977 2030 1048 Castellanis
2052 1001 2326 1072 quoque
2355 1002 2660 1074 paterent
2680 981 2744 1048 in

580 1073 907 1170 posterum
945 1071 1274 1146 Moluccae
1296 1125 1319 1157 ,
1364 1071 1698 1166 quondam
1743 1076 1911 1141 inter
1950 1071 2116 1168 ipsos
2138 1093 2396 1143 certatae
2422 1102 2441 1157 3
2497 1096 2570 1141 ut
2590 1072 2746 1148 ahbi
2827 1086 2830 1087 ’

442 1215 459 1230 ³
581 1170 972 1257 narravimus
1017 1189 1036 1234 ε
1073 1163 1243 1235 unde
1264 1166 1432 1236 haud
1457 1186 1697 1235 temere
1717 1167 2030 1234 creditum
2059 1219 2078 1249 ,
2127 1164 2410 1235 maiuiffe
2432 1165 2745 1238 castella-

578 1286 703 1333 nos
737 1263 1096 1356 recuperari
1122 1256 1358 1353 insulas
1395 1281 1592 1354 quam
1629 1263 1697 1328 in
1715 1256 2363 1353 tempore'custodiri.
2429 1266 2743 1357 Triginta

580 1360 657 1426 δι
688 1353 927 1452 septem
983 1355 1231 1515 mapnis
1270 1350 1751 1448 minoribusque
1791 1357 2058 1450 navigiis
2099 1355 2183 1425 ad
2202 1355 2535 1453 ,Tidorim
2582 1379 2750 1426 ven·

578 1468 763 1535 tum,
810 1454 886 1519 &
919 1470 1058 1543 quo
1117 1446 1335 1517 acilius
1355 1467 1787 1542 occuparetur
1806 1448 1964 1539 juvit
1989 1469 2100 1517 rex
2124 1451 2255 1545 iple
2275 1505 2298 1531 ‚
2347 1472 2445 1518 res
2471 1452 2749 1521 Batavas

579 1556 744 1617 voce
761 1599 782 1624 ,
821 1565 956 1612 non
972 1542 1191 1610 animo
1217 1593 1238 1625 ,
1269 1537 1542 1611 secutus.
1595 1541 1756 1611 Inde
1778 1545 1842 1612 in
1857 1546 2208 1612 Ternaram
2228 1543 2557 1615 transtere.
2614 1544 2751 1613 Ca-

582 1641 847 1734 piuntur
890 1637 1288 1705 munimenta
1310 1637 1386 1703 &
1410 1656 1524 1704 rex
1556 1632 1885 1706 fidiffim‘us
1913 1640 2161 1706 Batavis
2185 1690 2204 1722 ‚
2253 1644 2369 1732 qui
2397 1691 2418 1723 ,
2470 1635 2748 1733 praevifi)

579 1729 827 1801 dudum
846 1728 1136 1824 periculo
1161 1781 1183 1813 ,
1229 1747 1571 1798 monuerat
1590 1724 1754 1822 saepe
1777 1754 1858 1799 ne
1876 1730 2003 1800 sine
2037 1736 2442 1801 munimento
2468 1734 2748 1802 'ridoris

579 1825 1049 1920 relinqueretur
1070 1876 1091 1907 ‚
1141 1845 1368 1919 poenas
1410 1845 1584 1893 nunc
1601 1821 1825 1894 alienae
1842 1822 2045 1919 culpae
2066 1824 2243 1894 luens
2267 1879 2287 1910 ‚
2309 1824 2503 1922 -fugae
2523 1822 2586 1896 se
2611 1829 2746 1921 pri-

579 1943 761 1991 mum
785 1972 806 2006 ,
823 1942 980 1989 mox
1004 1914 1290 2013 Hispano
1312 1916 1589 1987 credidit
1614 1968 1636 2001 ‚
1682 1920 1878 1989 vitam
1900 1918 2123 2013 pastus
2145 1926 2216 1989 δι
2237 1940 2473 1989 caetera
2499 1919 2746 2015 sperare

585 2013 804 2085 ἀὼς.
874 2010 1002 2084 Sed
1036 2034 1230 2108 regna
1265 2009 1459 2108 ipfius
1478 1988 1740 2106 Hispani
1759 2011 2032 2082 arbitrio
2060 2016 2126 2082 in
2148 2034 2330 2109 reges
2349 2014 2516 2086 olim
2539 2037 2738 2084 aemu-

603 2132 683 2179 os
722 2106 1055 2178 distributa
1096 2129 1115 2175 ε
1165 2103 1296 2201 ipse
1316 2102 1670 2176 custoditus
1690 2110 1765 2176 δε
1788 2110 1856 2176 in
1881 2105 2045 2177 Phili
2144 2111 2280 2178 inas
2304 2108 2574 2180 avectus
2591 2106 2735 2179 fixit.

440 2158 450 2169 ι
574 2200 945 2275 Matelifius
963 2253 983 2285 ‚
1023 2220 1277 2296 captam
1309 2199 1422 2270 ubi
1440 2202 1786 2269 Ternatam
1807 2199 2007 2270 audiit
2028 2130 2292 2283 ‚pgmile
2309 2202 2552 2271 malum
2575 2206 2737 2272 Am·

579 2292 772 2369 bonae
807 2316 1097 2367 metuens
1122 2348 1144 2380 ‚
1190 2318 1415 2365 navem
1456 2292 1630 2363 forte
1663 2294 1881 2366 nactus
1904 2294 2180 2370 hostium
2201 2295 2370 2368 baud
2394 2320 2695 2394 magnam
2712 2350 2732 2382 ‚

574 2393 777 2462 armis
815 2388 1066 2460 instruit
1088 2440 1109 2473 ‚
1155 2390 1356 2459 mittit
1407 2410 1486 2457 ue
1523 2410 1648 2457 una
1686 2411 1855 2483 quos
1898 2393 1962 2460 in
1992 2388 2179 2461 clnffe
2198 2391 2444 2462 habeba
2543 2414 2736 2462 uaros

575 2481 910 2559 muniendi
946 2485 1204 2551 artium.
1270 2485 1305 2551 I
1375 2502 1414 2549 e
1453 2482 1779 2551 Batonem
1813 2489 1976 2580 petit
2001 2535 2021 2569 ‚
2069 2482 2330 2555 insulam
2355 2415 2735 2572 niocficam,

574 2575 931 2676 quaerendo
963 2574 1146 2670 quod
1164 2573 1261 2643 cla
1308 2597 1364 2643 is
1383 2575 1762 2647 Lufitanicae
1782 2578 1894 2647 reli
1947 2602 2098 2648 uum
2122 2630 2144 2665 ,
2190 2602 2267 2649 ac
2284 2579 2580 2651 Malacca
2605 2634 2624 2664 ,
2663 2597 2738 2649 ut

502 2738 509 2743 .
546 2675 1009 2755 narravimus,
1053 2663 1403 2765 digreffum
1441 2668 1531 2738 ibi
1574 2691 1713 2740 tum
1747 2693 1930 2744 mora
1979 2692 2143 2742 atur.
2210 2673 2340 2744 Sed
2378 2673 2738 2772 conspe&o

580 2766 765 2840 hoste
785 2763 1062 2838 Lusitani
1089 2784 1372 2859 pugnam
1402 2763 1961 2857 perhorrescentes
1981 2819 2000 2852 ‚
2050 2790 2239 2838 naves
2261 2765 2423 2864 ipses
2442 2773 2615 2841 inter
2633 2767 2733 2854 se,

572 2861 921 2958 -littoriqne
946 2856 1360 2951 devinxerant
1379 2910 1402 2944 ,
1449 2858 1761 2951 machinis
1780 2862 2089 2932 omnibus
2110 2886 2307 2932 unum
2331 2866 2348 2931 i
2355 2890 2397 2933 n
2417 2864 2587 2935 latus
2607 2863 2734 2934 ob-

574 2956 768 3031 -verfis
789 2987 815 3041 3
846 2953 1019 3027 Ιοᾶο
1055 2949 1307 3046 insuper
1346 2956 1540 3023 maris
1562 2951 1697 3024 finu
1718 3005 1744 3040 ,
1788 2957 1898 3026 ubi
1916 2954 2133 3026 astum
2153 2976 2547 3053 ventumque
2564 2957 2730 3029 hosti

577 3068 1018 3147 opponerent.
1085 3044 1193 3116 Ad
1227 3044 1359 3117 hoc
1393 3044 1719 3141 lignorum
1758 3047 1990 3119 struem
2028 3052 2419 3145 arenamque
2437 3054 2587 3130 telis
2607 3052 2731 3123 ob-

550 3144 953 3220 erenderant..
1013 3136 1373 3213 Matelifius
1410 3140 1580 3211 nulla
1614 3143 1966 3215 accedendi
1988 3148 2219 3239 copia,
2268 3169 2382 3242 per
2412 3147 2730 3230 naviculas

575 3236 994 3311 incendiarias
1030 3233 1357 3305 flammam
1396 3255 1670 3306 conatus
1711 3237 1804 3308 est
1845 3236 2222 3334 inspergere.
2286 3240 2415 3311 Sed
2459 3236 2729 3312 immiffi

576 3332 693 3431 ipfi
715 3329 957 3429 scaphis
972 3327 1441 3401 amoliebantur
1485 3351 1504 3397 :
1588 3335 1777 3402 artim
1801 3337 1873 3401 δι
1896 3339 2067 3403 venti
2090 3331 2422 3404 reflabant.
2492 3343 2584 3405 At
2605 3339 2730 3406 Ba-

576 3449 763 3500 tavos
783 3482 804 3512 ,
840 3426 1156 3496 mandatis
1176 3428 1412 3496 vetitos
1432 3422 1533 3494 bel
1559 3448 1605 3492 o
1626 3433 1821 3519 quam
1840 3431 2142 3497 mercatui
2163 3433 2385 3498 vacere
2412 3482 2433 3514 ‚
2470 3429 2726 3526 longius

578 3525 872 3619 opperiri
891 3525 1040 3591 anni
1058 3517 1399 3614 tempestas
1420 3541 1554 3587 non
1578 3515 1819 3591 sinebat
1842 3574 1862 3605 ‚
1911 3521 2081 3591 statis
2102 3574 2122 3605 ‚
2161 3527 2360 3616 quiin
2387 3524 2724 3596 Moluccas

565 3614 818 3687 ,ferrent
842 3667 863 3698 ‚
896 3616 1029 3710 jam
1048 3613 1493 3707 ingruentibus
1512 3620 1744 3684 ventis.
1798 3618 1953 3704 Pars
1978 3615 2291 3706 Qedam
2307 3618 2550 3689 abeunt
2572 3672 2591 3704 ‚
2612 3642 2724 3689 cu·

560 3713 674 3806 -jus
707 3711 835 3782 loci
869 3731 980 3777 rex
1005 3759 1028 3792 ,
1075 3705 1372 3802 parandae
1391 3708 1652 3778 victoris
1671 3713 1892 3804 gratiae
1915 3763 1936 3793 ,
1983 3710 2323 3781 Lufitanos
2342 3711 2515 3808 apud
2540 3710 2599 3783 se
2617 3713 2726 3785 de·

556 3815 562 3820 ’
567 3824 801 3900 gentes
830 3805 1144 3873 vinxerat.
1217 3801 1501 3889 Vicjffim
1537 3800 1650 3897 ipfi
1683 3806 1867 3874 dono
1891 3804 2020 3875 dati
2043 3810 2157 3898 qui
2178 3813 2391 3900 gentis
2414 3808 2721 3878 Indorum

570 3900 762 3970 mixti
799 3894 1091 3966 hostibus
1128 3899 1195 3966 in
1229 3895 1610 3990 potestatem
1639 3919 1959 3970 venerant.
1987 3917 1996 3928 ·
2031 3899 2377 3995 Obitisque
2411 3906 2488 3971 δι
2512 3907 2718 4000 regnis

575 3990 714 4064 aliis
753 3991 1163 4085 compertum
1197 4014 1279 4060 ex
1298 4012 1530 4061 eventu
1554 3994 1749 4086 praelii
1772 3989 2012 4063 nutasse
2033 3993 2458 4066 barbarorum
2479 3995 2675 4070 fidem
2693 4019 2716 4064 ε

558 4083 741 4168 ,adeo
764 4102 832 4156 ut
858 4085 1234 4182 agitaverint
1253 4082 1519 4177 quidam
1540 4137 1562 4176 ‚
1599 4084 1851 4162 traditis
1870 4087 2268 4166 institoribus
2286 4092 2545 4166 Batavis
2561 4144 2584 4179 ‚
2619 4114 2723 4187 pn-

2581 4208 2720 4259 cem
