2900 4628
455 218 1971 291 H1-8TOR1ARVML113.V.
2188 226 2316 294 261

169 354 461 431 quasque
479 359 597 433 per
613 334 802 407 urbes
820 355 1119 406 exercere
1136 334 1309 433 leges
1330 356 1622 434 coeperat
1643 387 1663 422 ,
1699 359 1896 408 voces
1962 336 2194 406 timum
2211 335 2325 407 de·-
2391 336 2598 431 15963

159 428 581 519 ,tredkantium
605 482 627 517 ,
672 426 825 501 inde
860 431 954 501 vis
990 429 1367 500 &vulnera.
1462 431 1613 523 Qi
1652 430 1853 502 victus
1889 359 2325 501 AEumi'onem

168 520 339 593 haud
358 544 617 620 gravate
633 521 927 595 ferebant
950 575 971 606 ,
1013 546 1136 630 pro
1153 521 1554 620 supervacuis
1583 576 1603 608 ,
1646 521 1821 617 quafi
1857 546 1979 618 pro
2001 521 2323 618 libertate,

164 616 521 691 certabant.
567 615 695 690 Sed
718 619 1072 713 ignominia
1096 616 1226 688 hoc
1247 670 1269 702 ,
1291 641 1426 689 non
1446 616 1717 711 vefflgal
1741 669 1763 703 ,
1786 615 2178 704 videbatur,
2221 640 2326 688 re·-

166 707 470 806 tuditque
519 710 857 808 'publicam
921 709 1370 781 auctoritatem
1452 712 1807 782 multorum
1873 713 2320 796 contumacia,
2457 786 2466 797 ,

163 801 334 895 haud
356 825 505 877 tuto
527 823 756 876 contra
777 801 1065 881 tendere.
1113 808 1207 874 At
1227 802 1398 898 apud
1423 804 1663 876 Frifios
1685 857 1705 890 ‚
1729 806 1843 903 qui
1864 802 2055 874 urbes
2073 807 2191 898 qui
2281 826 2319 872 e
2388 782 2652 913 ῗρἕγζέἶ

277 921 354 981 os
390 898 701 972 curabant
726 951 748 983 ‚
794 892 1123 968 discordes
1138 897 1348 970 adhuc
1372 950 1394 985 ,
1440 897 1604 969 dum
1623 896 1761 970 fixas
1779 901 2056 995 quisque
2079 920 2168 993 po
2222 894 2314 966 es-
2345 867 2412 985 ’ᾗ
2456 927 2579 985 inm
2594 925 2652 1002 fi

216 1013 378 1063 ones
413 1013 647 1065 contra
682 988 922 1062 tributa
953 1010 1245 1065 ,tutantur
1266 1045 1287 1079 ‚
1334 1013 1628 1089 apertum
1653 991 1879 1063 nfecere
1905 995 2091 1087 queis
2112 996 2318 1089 maxi-
2352 997 2594 1074 discendos.

164 1106 272 1154 me
307 1086 562 1165 morbis
588 1085 845 1157 laboret
862 1108 1212 1159 commune
1363 1089 1535 1158 imen
1563 1138 1588 1173 ,
1630 1086 1742 1157 ubi
1766 1109 1905 1157 non
1951 1090 2320 1163 communis

163 1179 426 1251 utilitas.
522 1179 654 1253 Sed
720 1181 996 1275 raecipue
1043 1183 1290 1250 intenta
1384 1204 1685 1252 rocemm
1718 1204 1871 1252 cura
1897 1200 1971 1249 ut
1988 1203 2139 1249 cum
2162 1170 2327 1251 Gal-

159 1270 240 1342 lis
257 1274 623 1372 Anglisque
689 1274 932 1343 ocietas
973 1272 1223 1370 legibus
1259 1270 1625 1346 sanciretur.
1716 1277 1897 1345 Nam
1921 1274 2227 1344 hactenus
2247 1296 2330 1344 ex

159 1363 279 1439 suo
317 1372 602 1464 quisque
648 1363 754 1437 ufir
825 1365 1160 1441 raestabant
1194 1368 1423 1441 auxilia
1446 1423 1470 1455 ,
1520 1389 1633 1439 aut
1653 1366 2031 1468 flagitabant
2077 1391 2098 1437 ε
2152 1366 2328 1437 unde

163 1461 480 1558 querendi
495 1467 662 1533 inter
697 1465 767 1556 ip
794 1484 874 1532 os
912 1462 1196 1533 vices&
1233 1461 1676 1559 praeripiendae
1755 1467 1886 1532 acis
1926 1464 2138 1532 minae.
2229 1465 2324 1531 At

161 1558 381 1627 Batavi
396 1555 635 1651 quibus
655 1571 960 1652 perpetua
1000 1553 1153 1626 belli
1182 1552 1401 1641 causa,
1452 1560 1529 1626 &
1554 1577 1626 1626 nt
1661 1487 2035 1651 pierumque
2056 1554 2327 1625 societas

162 1649 499 1720 inferiores
532 1646 944 1755 super-urget,
996 1647 1154 1718 dum
1187 1651 1398 1743 copiae
1430 1648 1705 1720 militant
1743 1648 1943 1722 Gallis
1964 1701 1987 1735 ,
2049 1672 2160 1720 aut
2184 1655 2325 1725 Att-

161 1744 284 1839 glis
301 1749 643 1840 navigant,
694 1739 1126 1814 fib1Hu1stum
1149 1738 1396 1838 periifl'e
1419 1745 1494 1812 δε
1529 1742 1843 1816 Flandriae
1862 1744 2099 1813 tributa
2138 1796 2160 1829 ,
2214 1767 2323 1814 cu-

162 1857 343 1908 rante
362 1841 623 1908 nemine
646 1888 669 1921 ,
704 1832 1016 1908 dolebant
1037 1886 1058 1920 ,
1105 1833 1555 1931 tacebantque.
1608 1836 1780 1909 Galli
1800 1840 2059 1906 interim
2089 1836 2171 1906 de
2196 1826 2322 1907 C‘a-

157 1929 298 2001 leto
321 1981 343 2016 ‚
393 1928 723 2025 tax-disque
763 1928 1015 1998 auxiliis
1037 1949 1190 2003 ,non
1226 1925 1613 2005 diffimulare‘
1646 1981 1666 2014 ,
1714 1928 1944 1999 elusam
1983 1950 2322 2025 querentes

156 2022 379 2117 Regis
400 2020 704 2093 fiduciam
729 2074 749 2106 ‚
773 2024 894 2115 qui-
906 2017 986 2092 ad
1007 2020 1231 2091 Faram
1249 2018 1471 2095 sedens
1486 2021 1616 2093 istis
1633 2022 1900 2093 suorum
1922 2023 2167 2094 viribus
2186 2021 2327 2094 nula

157 2116 207 2188 li
229 2117 405 2212 parti
419 2117 632 2191 ,minus
656 2158 682 2201 ,-
721 2131 916 2208 quam
937 2136 1071 2183 orae
1089 2118 1434 2210 ‘maritimae
1455 2109 1795 2187 metuiffet.
1893 2118 1977 2186 Et
1995 2135 2323 2187 cneverant

157 2209 285 2283 illis
307 2205 562 2305 spiritus
584 2260 606 2292 ,
650 2228 732 2278 ex
760 2231 901 2302 quo
923 2207 1310 2281 Meduanius
1333 2213 1409 2279 ἃ
1431 2230 1654 2280 earum
1677 2211 1952 2306 partium
1986 2210 2091 2281 alii
2113 2230 2319 2282 exter-

161 2327 257 2376 nae
277 2300 589 2397 superbiae
607 2306 1007 2373 commercio
1038 2303 1245 2400 Regis
1268 2306 1517 2375 veniam
1537 2305 1948 2400 praetulerant
1993 2329 2013 2374 ε
2052 2305 2320 2410 Ῑψηιιο

161 2395 411 2470 indicto
432 2398 948 2496 Rhotomagum-
973 2400 1174 2468 totius
1210 2397 1438 2470 Galliae
1466 2397 1739 2494 confilio
1756 2451 1779 2483 ‚
1825 2399 2109 2498 legitima
2134 2402 2318 2496 regni

164 2488 356 2563 facies
397 2490 767 2589 apparebat.
862 2491 1014 2561 Nec
1053 2491 1401 2563 abhorrere
1439 2516 1478 2563 a
1508 2491 1792 2584 ferendis
1826 2494 2318 2565 conditionibus
2354 2545 2371 2578 ,

165 2585 445 2682 Philippi
491 2589 773 2656 animum
819 2604 891 2654 ut
940 2606 1158 2654 verum
1201 2606 1380 2670 erat,
1417 2588 1525 2657 ita
1569 2586 1773 2661 filiam
1815 2587 2157 2662 Borbonio
2198 2611 2318 2658 nu-

168 2699 344 2773 ptum
381 2677 522 2749 dari
556 2725 600 2764 „
623 2676 986 2774 Hispanicae
1021 2684 1297 2773 primum
1332 2677 1589 2751 fraudes
1616 2733 1638 2768 ,
1690 2679 1842 2752 dein
1882 2676 2065 2752 falsus
2085 2685 2316 2752 rumor

168 2770 502 2865 adjecerat.
599 2775 694 2840 At
728 2774 953 2867 regina
991 2771 1346 2847 Elisabetha
1380 2772 1577 2846 miffis
1615 2774 1700 2846 ad
1735 2770 1796 2845 se
1827 2772 2053 2870 legatis
2077 2798 2117 2845 e
2158 2769 2318 2848 Gal-

166 2862 244 2935 lia
265 2866 574 2948 Bulionio
592 2887 668 2934 ac
710 2866 950 2936 Sancio
973 2916 995 2948 ,
1041 2888 1182 2961 quo
1219 2887 1518 2974 tempore
1546 2868 1846 2940 Caletnm
1882 2867 2187 2939 Albertus
2205 2890 2320 2939 oe·
2388 2939 2393 2942 ,
2502 2889 2517 2904 ²

135 2955 339 3059 'perat
361 3012 383 3047 ‚
428 2957 763 3030 difficilem
801 2956 864 3028 se
886 2965 1099 3055 primo
1133 2959 1454 3054 praebu1t‚
1501 2981 1573 3030 ut
1612 2965 1839 3071 viginti
1876 2967 2165 3061 quinque
2184 2961 2318 3033 scu-

168 3067 443 3125 tatorum
485 3051 686 3125 millia
733 3070 954 3123 mutua
1009 3075 1180 3147 aegre
1212 3077 1248 3122 a
1286 3051 1345 3124 ie
1365 3055 1709 3147 impetrari
1751 3075 2113 3153 pateretur„
2187 3055 2318 3128 sed
2522 3117 2526 3121 .

168 3168 317 3217 mox
338 3149 628 3245 propius
658 3141 1056 3241 introspe&o
1082 3144 1416 3242 periculo}
1464 3145 1713 3241 legatos
1748 3146 1874 3246 ipffi
1907 3147 2188 3222 detinuit
2211 3149 2311 3230 ulf
2412 3181 2449 3241 '.

170 3256 268 3310 tro
288 3287 332 3324 ,-
356 3237 910 3335 interpellavitque
930 3239 1014 3310 de
1051 3239 1314 3311 certiori
1334 3237 1588 3313 foedere
1609 3292 1631 3327 ‚
1675 3245 1853 3338 cujus
1877 3247 1950 3312 &
1969 3242 2304 3318 conditio·
2368 3227 2640 3356 El's’gffl

170 3355 277 3404 nes
294 3329 476 3406 scribi
493 3353 638 3403 tum
656 3355 938 3430 coepere.
985 3336 1253 3404 Interim
1275 3337 1341 3404 in
1360 3331 1610 3420 Gallia,
1654 3335 2201 3408 crebrescentibus
2220 3336 2303 3408 de
2337 3316 2607 3444 ffioemg

173 3448 322 3524 pace
339 3426 788 3513 sermonibus,
805 3429 953 3499 Rex
975 3427 1029 3498 F
1030 3425 1743 3514 oederatisOrdinibus,
1765 3434 1838 3499 &
1859 3429 1988 3500 boc
2008 3435 2302 3518 nomine;
2343 3445 2457 3519 agie:

176 3522 245 3587 δε
263 3541 567 3592 mutatam
580 3520 674 3592 ob
695 3523 900 3618 Regis
921 3523 1296 3617 religionem
1316 3519 1602 3594 sollicitis
1622 3577 1644 3612 ‚
1684 3521 2063 3621 significavit
2088 3578 2109 3610 ,
2144 3549 2307 3622 pon·

177 3610 365 3704 tificis
399 3618 682 3688 Romani
723 3619 992 3711 gratiam
1029 3622 1117 3687 ita
1155 3613 1272 3689 fibi
1307 3613 1635 3710 quaefitam
1683 3671 1704 3704 ‚
1751 3636 1823 3690 ut
1856 3621 1925 3689 in
1958 3615 2147 3690 sacris
2186 3619 2310 3693 dii:

178 3698 565 3778 studentium
625 3711 936 3784 amicitias
995 3707 1184 3785 salvas
1246 3705 1590 3806 excepisset
1635 3737 1657 3782 τ
1720 3735 1842 3786 nec
1898 3718 2132 3785 mirum
2169 3769 2191 3802 ,
2252 3714 2301 3792 fi

179 3792 492 3955 &aliqua
533 3804 707 3899 pacis
742 3802 911 3898 vulgi
945 3807 1198 3874 animos
1233 3802 1518 3874 ladiaret.
1614 3807 1935 3880 Caeterum
1960 3808 2004 3883 fi
2030 3810 2301 3881 societas
2373 3842 2600 3915 Promiffiz

233 3910 528 3995 {maxenn-
545 3950 567 3982 ,
589 3917 877 3994 paratum
900 3894 959 3968 se
980 3918 1213 3996 praeter
1230 3896 1584 3971 nobilitatis
1612 3898 1735 3972 suae
1768 3906 1929 3976 vires
1947 3959 1968 3990 ,
1994 3904 2153 3975 οᾶο
2174 3905 2295 3974 ho·-
2336 3910 2600 3998 Foederata
2758 3981 2759 3984 ,

179 4002 418 4053 minum
438 3989 623 4062 millia
646 3993 712 4062 in
746 3989 907 4068 fines
926 3990 1583 4070 Atrebatumducere.
1638 3996 1875 4066 Verum
1897 4052 1918 4079 ‚
1966 4021 2113 4068 cum
2140 3998 2301 4066 Hui·
2332 3981 2395 4036 ⁶⁶
2439 3987 2641 4062 ’ἥψω

176 4072 271 4152 sto
288 4079 480 4179 paulo
501 4082 643 4188 post
661 4082 913 4161 obseffo
931 4086 1073 4158 talis
1098 4109 1297 4189 opera
1317 4091 1595 4249 {exime
1615 4089 2081 4252 defideraretulr·
2097 4143 2116 4173 ‚
2139 4088 2297 4192 Gal-
2331 4050 2637 4192 ἴῃῖῃ

827 4197 832 4206 ’
1434 4204 1474 4278 3
1780 4221 1789 4224 -
1847 4237 1855 4240 ι
2069 4202 2300 4277 iqute-
