2900 4628
581 251 710 320 192
995 224 1655 331 Hveoms
1772 226 2307 302 eaorrr

235 322 248 347 ’
317 357 521 436 1594.
578 342 958 415 Christianis
1002 344 1302 449 gentibus
1337 366 1554 418 veram
1594 343 1923 441 fidamque
1956 340 2409 413 concordiam.
2433 330 2447 351 ⁹
2481 334 2761 417 Conve-

574 440 714 511 nire
745 437 1112 534 Ordinibus
1151 438 1418 511 viciffim
1439 464 1521 510 ne
1539 436 1671 511 filas
1692 458 1792 510 res
1866 435 2149 535 resperas
2174 490 2195 523 ‚
2240 430 2762 510 adversariorum

574 531 913 630 ambiguas
939 587 961 619 ,
1008 538 1074 605 in
1097 532 1439 606 discrimen·
1485 538 1560 603 δε
1596 533 1750 604 belli⁴
1864 532 2115 602 rtunam
2148 533 2409 602 mittere
2440 531 2755 619 mallent,

567 640 776 721 'quam
797 647 928 698 tem
980 651 1052 698 us
1075 652 1401 725 occupare
1425 681 1442 713 ‚
1481 650 1619 723 quo
1635 628 1865 699 darent
1884 629 2088 722 magis
2117 678 2136 710 ,
2156 647 2354 720 quam
2376 628 2757 723 acciperent

571 734 838 821 pacem„
969 721 1014 792 d
1052 744 1128 792 ea
1164 722 1454 816 Ordines
1481 776 1500 808 ,
1546 718 1735 795 altius
1751 721 1878 794 orsi
1906 774 1928 808 ‚
1974 716 2443 817 responderunt
2463 717 2755 791 decausa

571 812 924 911 'magnifice
949 869 971 901 ,
1018 839 1146 911 pro
1195 807 1382 887 sacris
1428 821 1504 884 δε
1534 815 1593 885 le
1642 815 1785 887 ibus
1810 869 1831 899 ‚
1879 837 2028 911 quae
2051 813 2504 897 Maximiliano
2523 834 2754 908 quon-

575 909 728 980 dam
761 912 1134 1006 imperatori
1176 911 1410 1007 placita
1444 913 1594 980 Mat
1644 915 1734 981 ias
1762 909 2009 980 Ernesti
2049 906 2245 991 frater
2265 906 2442 978 bello
2466 928 2751 981 texerat.

571 1003 741 1075 Inde
779 1003 1167 1099 implacabili
1199 1002 1335 1074 His
1363 1028 1637 1076 anorum
1675 1005 1858 1075 rabie
1899 1002 2014 1076 fibi
2051 1006 2120 1073 in
2156 1025 2333 1073 arma
2350 999 2580 1086 trufis,
2636 1028 2754 1074 ne-

575 1106 702 1194 'qua
756 1120 902 1167 uam
941 1101 1198 1193 ignotas
1239 1098 1324 1170 be
1350 1100 1564 1173 lorum
1597 1103 1769 1170 vices
1794 1152 1816 1186 ‚
1852 1095 1974 1168 sed
2020 1096 2466 1170 laborantibus
2509 1101 2587 1167 δε
2622 1122 2673 1167 o
2852 1174 2858 1179 ,

573 1213 691 1288 pre
739 1204 794 1263 rs
829 1196 1050 1263 Deum
1079 1188 1351 1265 'adfisisse
1393 1218 1413 1262 ε
1466 1199 1543 1263 &
1577 1188 1747 1266 nunc
1778 1246 1797 1279 ,
1841 1196 2093 1289 magnis
2116 1190 2530 1285 societatibus
2547 1215 2626 1263 ac
2712 1215 2753 1264 a

574 1291 810 1357 'virtute
849 1285 1154 1356 subnixos
1182 1340 1204 1374 ,
1248 1284 1430 1359 illum
1465 1308 1733 1362 eventus
1762 1285 2051 1382 judicem
2074 1284 2262 1360 malle
2281 1306 2477 1380 quam
2494 1285 2752 1361 hostem

127 1432 158 1463 χ
288 1386 548 1461 willa·
575 1384 773 1453 ‘toties
816 1380 1109 1479 perfidiae
1137 1399 1477 1479 expertum
1502 1414 1525 1469 3
1576 1386 1649 1453 δι
1673 1403 1756 1453 ne
1775 1378 1963 1453 sociis
1984 1377 2115 1454 fine
2142 1382 2405 1477 regibus
2425 1402 2597 1451 arma
2622 1406 2753 1479 po-

253 1459 541 1536 ΜΨ·
576 1493 806 1548 nerent
829 1529 851 1563 ‚
900 1473 1261 1547 foederibus
1287 1498 1559 1575 quoque
1598 1474 1659 1547 st
1682 1468 2019 1572 impediri.
2092 1472 2300 1547 Simul
2321 1474 2615 1572 exempla
2635 1476 2754 1549 ad-

511 1662 514 1663 ⁷
577 1569 824 1655 debant
851 1566 1017 1641 falso
1052 1568 1390 1642 ostentatae
1418 1570 1518 1644 vel
1536 1573 1730 1643 irritae
1752 1573 1928 1665 pacis
1957 1593 1980 1639 ε
2021 1588 2233 1665 neque
2250 1592 2424 1652 nunc
2449 1568 2753 1643 accidiffe

576 1668 929 1762 quicquam
956 1718 978 1750 ,
1023 1689 1144 1737 cur
1181 1663 1590 1763 sperarentur
1621 1668 1886 1736 tutiora.
1956 1666 2140 1735 Nam
2182 1663 2556 1762 Philippum
2575 1664 2752 1737 adeo
2862 1729 2868 1739 .

573 1768 822 1833 'veteres
849 1754 1129 1831 offensas
1159 1784 1294 1832 non
1326 1764 1657 1834 remittere
1676 1759 2075 1833 Christianae
2145 1762 2291 1845 aci,
2338 1780 2411 1827 ur
2431 1758 2752 1832 barbaros

571 1857 798 1953 potius
837 1872 1163 1951 pateretur
1202 1878 1270 1925 ra
1317 1852 1458 1927 tare
1487 1858 1665 1926 Euro
1751 1876 1817 1924 m
1849 1877 2045 1950 quam
2064 1783 2519 1953 dgfineoetipse
2535 1843 2751 1926 aliena

577 1970 775 2047 regna
796 1971 914 2044 per
942 1972 1117 2020 arma
1145 1953 1223 2032 βε
1240 1879 1499 2021 ἕειιάεε
1518 1953 1663 2024 ince
1714 1971 1848 2021 ere.
1915 1948 2135 2041 Qod
2148 1947 2347 2019 literis
2367 1947 2752 2021 conviflmn

483 2116 488 2119 ,
579 2040 873 2142 Philippi
908 2043 1104 2140 ipsius
1138 2041 1222 2115 ad
1262 2040 1680 2118 Wilhelmum
1715 2041 2161 2114 Clementiam
2183 2037 2449 2139 *scriptis
2484 2095 2506 2128 ,
2553 2045 2749 2138 queis

335 2166 344 2175 ·
579 2136 897 2209 Caesarem
932 2137 1361 2237 pollicitando
1393 2138 1629 2210 laci-are
1655 2136 2004 2234 jubebatur
2026 2191 2046 2225 ,
2095 2134 2328 2208 addito
2350 2189 2372 2222 ‚
2418 2136 2502 2210 ab
2535 2140 2623 2208 im

503 2250 506 2255 ·
575 2235 680 2303 rio
720 2231 1076 2330 Hispanico
1117 2236 1247 2304 vim
1282 2237 1631 2306 Turcicam
1668 2231 1854 2303 facile
1875 2233 2070 2304 donis
2094 2228 2276 2329 p'offe
2299 2235 2527 2303 averti.
2668 2253 2753 2304 ec

573 2326 841 2399 filebant
863 2326 1155 2398 Ordines
1179 2381 1201 2414 ‚
1244 2324 1600 2400 sanciendae
1635 2331 1810 2426 pacis
1832 2324 2114 2415 solennia
2146 2325 2532 2424 praefefflsd
2711 2366 2753 2385 -

575 2425 632 2493 ri
657 2450 679 2506 3
717 2417 1006 2493 servandi
1018 2423 1128 2518 jus
1151 2426 1227 2492 δε
1248 2422 1632 2518 potestatem
1656 2445 1852 2521 penes
1869 2423 2179 2495 dominos
2198 2418 2350 2496 effe.
2417 2420 2623 2516 Qid.
2675 2444 2752 2495 e-

574 2520 776 2610 nique
795 2512 924 2616 spei
946 2569 967 2601 ,
1012 2513 1168 2587 dum
1187 2537 1505 2612 premeret
1526 2515 1860 2614 Belgicam
1881 2516 2062 2589 miles
2091 2535 2395 2589 externus
2423 2568 2447 2601 ‚
2483 2513 2751 2588 &sum-

570 2617 703 2681 mae
737 2616 837 2694 rei
863 2623 1209 2705 compotes
1250 2609 1519 2710 Hispani
1553 2614 1884 2685 atrocibus
1913 2610 2191 2684 consiliis
2214 2610 2463 2683 Ernesti
2480 2609 2753 2683 bonita-

576 2724 711 2775 tem
751 2704 1184 2776 convellerent
1209 2712 1256 2776 ·?
1320 2706 1689 2778 lactabatur
1725 2708 1794 2778 in
1826 2706 2058 2779 odium
2144 2709 2277 2779 acis
2320 2724 2456 2777 non
2498 2726 2748 2803 pauco-
2816 2710 2823 2715 ’

431 2801 446 2814 “
575 2824 719 2869 rum
768 2802 935 2870 inter
970 2797 1411 2873 Romanensts
1457 2801 1764 2880 sententia
1807 2855 1830 2888 ,
1895 2824 2044 2897 quae
2129 2797 2321 2872 iversa
2354 2798 2749 2873 sectantibus

571 2892 948 2966 'servandam
995 2891 1197 2965 fidem
1234 2918 1314 2966 ne
1362 2890 1430 2967 et‘
1474 2920 1494 2966 t
1545 2895 1719 2967 versa
1770 2902 2007 2968 merito
2048 2897 2115 2966 in
2157 2893 2335 2994 ipsos
2382 2896 2751 2988 commenti

575 2992 862 3089 pernicie
902 2983 935 3076 ,‘
993 2988 1154 3059 dum
1194 2987 1290 3061 stu
1337 2995 1407 3062 io
1443 2989 1782 3063 diffidendi
1826 2991 2166 3063 hominum
2204 2992 2598 3061 commercia
2630 2988 2749 3061 ab·

574 3097 913 3181 rumpunt.
947 3082 1258 3158 ”eunetis
1297 3090 1604 3157 nimirum
1640 3087 1757 3181 qui
1793 3083 1891 3157 fas
1925 3105 2122 3182 atque
2158 3080 2652 3168 honestumsuo
2674 3087 2746 3156 iu

574 3178 688 3249 usu
719 3178 958 3250 habent
984 3231 1004 3266 ,
1050 3201 1174 3249 nec
1204 3180 1343 3252 ullo
1383 3177 1663 3252 obtentu
1697 3177 1978 3251 dedecus
2017 3198 2301 3251 mutatur
2322 3232 2343 3266 ,
2393 3183 2472 3250 δι
2494 3202 2592 3249 πε
2626 3180 2748 3250 diu

508 3341 516 3347 .
565 3273 848 3370 ‘perfidia
889 3271 1181 3344 fruantur
1207 3329 1228 3361 ‚
1277 3274 1393 3374 ipfi
1427 3269 1757 3348 adversum
1796 3270 1858 3345 se
1889 3275 2293 3350 documento
2315 3270 2481 3345 finnt.
2546 3270 2747 3345 Plebs

551 3372 809 3453 ctiam,
859 3390 1056 3463 quam
1084 3374 1361 3466 primum
1379 3368 1700 3441 bellorum
1724 3372 2001 3467 poenitet
2022 3423 2043 3455 ,
2075 3369 2444 3442 recentibus
2460 3366 2746 3439 hostium

577 3461 839 3560 flagitiis
877 3468 944 3533 in
980 3468 1146 3533 iram
1185 3486 1417 3538 novata
1436 3487 1706 3536 omnem
1727 3467 2102 3535 concordiae
2120 3445 2296 3562 spem
2312 3460 2743 3535 aversabatur.

573 3560 893 3654 Namque
934 3555 1070 3628 His
1095 3582 1254 3630 anus
1280 3614 1300 3646 ,
1347 3580 1453 3631 tot
1494 3560 1797 3654 inclytam
1831 3558 2119 3629 vicloriis
2135 3560 2752 3654 Mauritiijuventu-

576 3671 712 3722 tem
741 3706 760 3736 ,
812 3657 887 3721 δε
922 3584 1199 3750 ἀυρῗίεἰε
1238 3657 1422 3754 regni
1454 3650 1673 3725 foedus
1693 3672 1985 3726 metuens
2012 3708 2032 3740 ,
2081 3653 2471 3751 usqueadeo
2490 3675 2590 3721 ma
2643 3654 2753 3722 ni-

469 3797 480 3806 .
577 3746 801 3828 tudine
855 3747 1127 3839 periculi
1162 3746 1492 3820 infamiam
1528 3748 1959 3821 contemserat
2001 3801 2023 3835 ,
2072 3769 2145 3820 ut
2176 3751 2368 3819 emtis
2454 3769 2561 3818 erc
2659 3770 2751 3816 o-

574 3838 764 3924 ribus,
791 3835 1073 3935 singulos
1117 3863 1234 3941 per
1278 3844 1440 3940 ierus
1480 3844 1812 3918 conficere
1848 3843 2193 3916 destinaret
2231 3865 2323 3940 qu
2440 3847 2548 3913 vix
2581 3860 2751 3911 totae

576 3938 747 4006 acies
780 3933 1170 4031 praestarent.
1243 3940 1400 4032 Nec
1432 3939 1605 4011 aliud
1632 3963 1914 4036 unquam
1937 3961 2195 4035 tempus
2213 3935 2531 4032 ejnfinodi
2554 3931 2751 4033 flagi-

579 4036 685 4105 tiis
709 4030 952 4104 foedins
981 4032 1105 4102 fuit
1126 4086 1148 4119 ,
1196 4052 1270 4103 ut
1287 4057 1485 4106 nemo
1508 4060 1722 4106 veram
1741 4035 1825 4107 ab
1846 4035 1967 4107 illis
1992 4058 2219 4131 pacem
2250 4032 2531 4133 speraret
2557 4085 2579 4118 ‚
2624 4034 2749 4125 qui

574 4133 714 4225 jura
750 4130 946 4202 etiam
975 4150 1304 4227 armorum
1342 4134 1415 4203 δε
1458 4128 1759 4204 concessa
1796 4129 1969 4203 odiis
1991 4128 2475 4227 egrederentur.
2537 4128 2749 4294 Aplncs
2824 4141 2829 4146 ·

593 4259 600 4260 ff
2657 4240 2753 4291 oc
