2900 4628
563 191 720 284 388»
981 169 2307 262 HvGole‘cRoTn

197 315 208 322 ’
269 311 476 392 1600·
551 299 776 372 affidui
811 295 1077 368 sumtus.
1127 295 1399 367 Zelandi
1437 317 1589 384 ante
1609 315 1881 367 caeteros
1917 296 2326 393 postulabant
2353 351 2376 386 ‚
2407 319 2493 369 ne
2514 351 2536 385 ,
2654 298 2739 374 st&

459 397 464 402 ’
509 479 514 484 .
553 420 758 493 quam
776 384 1288 464 Transrhenanis
1327 395 1403 460 &
1427 390 1797 464 Hollandiae
1818 391 2229 488 prospefitum
2253 447 2277 478 ,
2316 393 2434 491 ipfi
2455 393 2572 464 hol
2603 399 2741 465 ium

552 480 868 565 vicinitati
895 487 1447 582 relinquerentur:
1472 480 1654 583 poffe
1676 485 1929 559 liberari
1954 485 2344 575 Ostendam,
2370 493 2520 583 capi
2541 490 2743 559 Neo-

558 605 827 684 portum
850 581 1314 674 ,Dunkerkam
1339 635 1360 666 ‚
1384 579 1691 668 Clusium,
1733 580 2117 678 praedonum
2137 580 2337 655 sedes.
2388 585 2459 655 Si
2478 585 2577 656 vel
2611 607 2737 680 op-

559 680 786 778 pidum
810 701 1009 747 unum
1033 700 1098 746 ra
1190 698 1364 754 retur
1387 728 1409 761 ,
1464 673 1623 746 dum
1661 674 2122 773 hostistcopias
2154 678 2493 776 colligeret
2516 732 2536 763 ,
2583 676 2741 749 dum

557 774 836 846 ambiret
861 769 1009 842 suos
1034 824 1055 856 ,
1105 772 1265 841 acile
1282 769 1346 841 se
1365 769 1496 841 hoc
1529 767 1992 842 consecuturos
2014 825 2035 857 ,
2057 775 2215 842 utin
2240 772 2571 869 posterum
2588 772 2742 843 alie-

515 863 522 874 *
563 874 743 959 noin
763 868 905 948 solo
923 863 1162 936 bellum
1183 863 1530 951 ducerent3
1581 865 1751 944 baud
1787 890 1948 952 vana
1967 863 2077 964 spe
2098 920 2121 953 ,
2168 865 2214 937 fi
2250 888 2479 941 ventus
2503 863 2746 937 adfisis-

516 981 525 988 ·
561 962 654 1050 set
677 1017 698 1047 ,
751 958 1248 1059 properantibus
1297 984 1317 1029 ε
1364 984 1505 1056 quo
1540 960 1804 1044 adverso
1849 1014 1889 1046 „
1917 961 2074 1039 dum
2111 968 2411 1060 perpetui
2450 960 2610 1031 flant
2647 962 2743 1033 se·-

563 1051 971 1156 ptentriones
997 1108 1017 1138 ‚
1067 1060 1277 1150 copiae
1313 1055 1602 1150 undique
1632 1060 1708 1124 δε
1745 1075 2151 1127 commeatus
2192 1058 2371 1128 tarde
2396 1060 2745 1154 annaviga-

535 1155 713 1225 'vete
735 1205 755 1236 ‚
806 1149 1057 1220 indicto
1081 1172 1402 1221 conventu
1425 1148 1539 1220 sub
1575 1150 1799 1236 Zebur
1845 1141 1956 1224 ᾖσι
1976 1150 2361 1228 Walachriae
2381 1148 2737 1224 castellum.

564 1251 766 1329 Erant
787 1243 1076 1342 peditum
1095 1248 1399 1314 centuriae
1414 1247 1645 1340 viginti
1670 1246 1747 1313 δε
1764 1171 2025 1339 ἕρκεα]
2045 1242 2228 1341 {upra
2253 1267 2519 1317 centum
2550 1269 2571 1314 ε
2613 1267 2749 1317 tur·

526 1339 692 1413 ”mae
709 1341 1003 1435 equitum
1027 1340 1567 1436 vigintiquinque
1587 1338 1934 1427 duntaxat,
1985 1362 2136 1410 cum
2177 1343 2495 1412 machinis
2533 1344 2750 1430 omni-

565 1459 701 1532 que
738 1434 1058 1505 bellorum
1093 1454 1401 1528 apparatu
1425 1487 1446 1519 ,
1495 1434 1849 1522 multitudo
1890 1440 2149 1506 navium
2194 1438 2275 1524 ad
2311 1437 2492 1525 ρᾶἰῑι
2543 1457 2750 1508 entas.

572 1534 896 1604 Hicinter
919 1529 1287 1622 Principem
1322 1532 1399 1595 &
1437 1532 1774 1598 nationum
1814 1528 2063 1626 legatos
2095 1584 2113 1614 ‚
2164 1540 2279 1625 qui
2310 1554 2476 1630 expe
2525 1536 2761 1606 itionis,

569 1625 868 1704 auctores
910 1620 1124 1694 socios
1162 1619 1547 1716 stlconfiliis
1594 1627 1668 1692 &
1712 1625 2012 1717 periculis
2031 1623 2440 1712 offerebant,
2488 1625 2757 1698 dubita·

573 1740 714 1812 tum
742 1771 762 1804 ,
796 1714 1232 1813 exspe&arent
1261 1714 1419 1796 dum
1460 1715 1733 1788 secunda
1756 1722 2082 1815 navigatio
2109 1773 2130 1803 ,
2177 1743 2257 1790 an
2283 1723 2372 1790 im
2422 1742 2608 1802 arato
2627 1722 2754 1792 ho·

457 1855 470 1862 -
570 1816 667 1888 ste
702 1816 996 1909 quamvis
1030 1809 1438 1882 occafionem
1477 1809 1847 1883 invaderent
1869 1872 1889 1896 ,
1990 1813 2126 1884 uod
2168 1747 2525 1909 praevaluit,
2623 1812 2757 1888 Sed

572 1927 977 1983 commeatus
1009 1910 1084 1976 δε
1118 1906 1580 2002 impedimenta
1610 1910 1770 1976 mari
1819 1931 1839 1975 ε
1889 1837 2095 1984 sdlum
2133 1910 2403 1979 militem
2431 1934 2585 1981 cum
2610 1931 2756 1981 tor-

571 2008 811 2081 mentis
832 2024 1113 2097 quatum·
1142 2019 1315 2071 trans
1355 2002 1649 2069 Hontam
1686 2001 1933 2073 Scaldis
1967 2025 2274 2075 extimam
2317 2025 2568 2101 partem
2594 2057 2618 2091 ,
2650 2014 2761 2094 in·

570 2102 660 2175 de
690 2097 937 2172 terresti
978 2099 1204 2167 itinere
1248 2092 1610 2170 Ostendam
1668 2094 1868 2167 visum
1910 2099 2322 2171 transducere
2341 2153 2362 2184 ‚
2404 2097 2590 2195 quod
2623 2124 2758 2197 op-

520 2259 526 2264 .
574 2194 805 2295 pidum
828 2245 848 2277 ,
897 2193 1224 2260 maritimo
1252 2189 1366 2260 fitu
1393 2243 1412 2275 ,
1464 2194 1530 2260 in
1554 2187 2053 2263 Foederatorum
2099 2193 2456 2287 potestate,
2496 2190 2756 2265 sedho-

578 2291 769 2364 stium
810 2283 1058 2381 septem
1091 2283 1361 2357 castellis
1404 2281 1876 2358 circumdatum
1915 2285 2258 2361 tenebatur
2299 2343 2321 2376 ,
2371 2299 2591 2369 contra
2630 2285 2759 2358 ex'-

576 2380 793 2459 curfits
817 2433 840 2480 9
886 2382 1003 2474 qui
1026 2401 1323 2476 magnam
1364 2366 1677 2449 Flandriae
1722 2377 1969 2478 partem
1988 2383 2069 2454 ad
2092 2382 2334 2455 tributa
2358 2385 2704 2481 adegerant
2730 2435 2761 2471 ,

579 2502 665 2553 ne
688 2498 828 2553 turn
849 2471 1115 2569 quidem
1152 2479 1239 2555 ita
1281 2472 1496 2547 clauso
1530 2473 1776 2561 milite,
1827 2497 1898 2547 ut
1934 2501 2072 2549 non
2104 2479 2429 2555 interdum
2453 2500 2764 2574 erumpe·

583 2593 710 2646 ret.
783 2573 1083 2640 Tuto'ut
1116 2566 1510 2665 appellerent
1545 2619 1565 2652 ,
1600 2569 1965 2665 praemissus
2023 2568 2322 2644 Ernestus
2364 2570 2714 2651 Nassavius
2738 2625 2767 2658 ‚

579 2691 735 2741 cum
756 2666 1011 2737 navium
1049 2683 1273 2759 parte,
1317 2665 1431 2756 qui
1469 2660 1679 2760 Philip
1731 2667 1900 2735 inam
1924 2718 1946 2752 ,
1993 2666 2175 2762 quod
2192 2691 2327 2737 orae
2362 2668 2501 2760 ejus
2538 2670 2789 2737 muni·-

582 2780 878 2835 mentum
902 2810 925 2842 ‚
969 2777 1391 2854 expugnaret.
1484 2757 1673 2829 Praefi
1723 2763 1893 2830 iariis
1935 2765 2002 2831 in
2040 2762 2441 2833 deditionem
2459 2758 2767 2856 compul-

583 2856 667 2929 fis
689 2907 711 2940 ,
760 2852 1068 2948 fabioque
1082 2849 1377 2925 exscensu
1404 2902 1425 2937 ,
1461 2874 1613 2944 cum
1633 2854 1708 2922 δε
1730 2851 2053 2928 Asseneda
2071 2853 2337 2927 ceffiffet
2356 2910 2377 2942 ,
2398 2862 2769 2926 exercitum

587 2952 915 3044 Princeps.
947 2952 1036 3019 ita
1056 2946 1376 3019 ordinavit
1396 2998 1417 3028 ‚
1469 2968 1541 3016 ut
1559 2943 1623 3014 di
1632 2944 1886 3019 stinctas
1909 2951 2133 3047 copias
2156 2951 2403 3021 Comes
2426 2953 2770 3046 Georgius
2806 3008 2809 3011 2

583 3043 934 3120 Solmenfis
957 3095 979 3128 ,
1028 3038 1324 3127 Ernestus
1351 3036 1688 3123 Nassavius
1715 3095 1736 3126 ,
1782 3066 1933 3113 cum
1954 3048 2223 3123 navium,
2249 3066 2429 3142 parte
2454 3098 2476 3130 ,
2529 3049 2608 3113 δε
2633 3042 2771 3114 Ve-

583 3143 719 3211 rius
757 3137 1122 3235 Anglorum
1160 3134 1437 3220 ductor,
1487 3140 1814 3234 tripartito
1850 3160 2198 3233 regerent3
2247 3144 2539 3234 equitatu
2579 3142 2648 3210 in
2670 3136 2773 3209 se·

587 3228 772 3334 ptem
813 3256 1039 3303 manus
1076 3229 1463 3315 distribute,
1513 3237 1579 3302 in
1618 3254 1780 3327 quas
1819 3237 2218 3330 praecipuum
2250 3236 2770 3330 ,imperiumLu-

486 3382 492 3388 -
583 3329 836 3402 dovico
875 3325 1190 3397 Nassavio
1233 3328 1550 3422 permittit
1576 3379 1596 3411 ‚
1645 3324 1781 3422 ipse
1816 3324 2073 3396 lhmmae
2109 3332 2201 3398 rei
2237 3332 2773 3403 intentuscuram

588 3428 727 3495 nou
806 3422 1175 3497 artiebatur.
1245 3424 1336 3489 At
1376 3419 1653 3515 agrestes
1693 3472 1714 3506 ,
1815 3419 2039 3493 erculfi
2073 3423 2475 3496 adventantis
2512 3426 2779 3493 exerci-

500 3538 506 3546 ‘
586 3539 697 3590 tus
761 3540 905 3588 ama
927 3571 948 3604 ‚
996 3519 1180 3587 vicos
1217 3511 1436 3612 paffim
1467 3538 1696 3603 omnes
1730 3572 1734 3576 Α
1808 3539 1890 3613 ga
1919 3514 2357 3590 desolaverant
2395 3571 2417 3603 ‚
2465 3512 2787 3613 eousque'

586 3631 884 3687 veterum
919 3616 1199 3707 partium
1246 3613 1319 3678 δε
1351 3607 1663 3680 libertatis
1681 3610 1874 3681 obliti
1902 3663 1921 3696 ,
1970 3633 2044 3680 ut
2078 3637 2195 3710 per
2232 3610 2486 3685 infidias
2520 3612 2775 3709 depre-

491 3747 502 3753 -
579 3704 827 3780 hensos
870 3706 1106 3777 milites
1143 3723 1445 3802 caperent
1470 3757 1491 3790 ,
1533 3708 1603 3774 in
1633 3724 1869 3801 captos*
1911 3700 2220 3779 saevirent.
2288 3711 2461 3801 Qo
2488 3704 2773 3779 accensa

422 3789 432 3803 ⁹
587 3804 908 3874 exercitus
950 3798 1144 3886 odia,
1193 3802 1519 3893 imperato
1550 3797 1811 3896 longius
1848 3801 1918 3870 in
1951 3794 2241 3874 villarum
2276 3801 2580 3875 incendia
2602 3826 2774 3899 pro-

590 3890 852 3967 cessere.
947 3896 1153 3967 Recta
1190 3895 1434 3989 Brugas
1470 3893 1829 3967 institutum
1864 3896 2034 3983 iter3
2084 3922 2201 3993 per
2220 3899 2529 3980 Ecloam,
2580 3898 2775 3970 Mal-

576 3991 948 4085 .degemum
977 4042 999 4072 ‚
1033 3986 1280 4062 Malam
1305 4040 1326 4072 ‚
1344 4010 1484 4059 non
1508 3986 1763 4060 obscuri
1785 3994 2070 4061 nominis
2092 3998 2295 4079 vicos,
2343 3989 2559 4061 Miffae
2581 4012 2780 4063 erant

595 4087 843 4183 Brugas
862 4135 884 4175 ,
918 4106 1038 4159 nec
1059 4087 1273 4163 minus
1294 4082 1677 4158 Gandavum
1697 4083 1783 4158 ab
1798 4083 2163 4161 Ordinibus
2196 4085 2426 4180 litterae
2446 4139 2475 4176 ‚
2505 4107 2579 4159 ut
2597 4084 2793 4256 illlilqls¹

955 4208 962 4213 .
1722 4236 1728 4265 ἴ
2609 4205 2663 4253 0
