2900 4628
367 182 1417 252 HISTORIARVM
1498 184 1741 251 Lrss.
1818 183 2004 254 vn.
2161 206 2286 280 313

126 280 390 464 Κυῇῗε
425 321 658 371 rumor
679 294 804 368 fuit
826 348 848 381 ‚
894 298 1147 393 quippe
1176 315 1417 369 mutata
1450 319 1693 394 paucos
1714 300 1882 369 intra
1896 296 2037 371 dies
2075 298 2287 372 Caleti
2348 302 2553 398 1598.

317 391 537 463 ffione.
608 394 774 462 Non
791 390 1000 461 multo
1022 389 1168 488 post
1187 413 1377 461 naves
1407 390 1553 462 duae
1569 391 1727 462 dum
1763 415 1802 462 e
1840 412 2033 486 portu
2052 393 2288 465 &lem
2321 438 2492 491 Noun
2521 438 2612 494 ffi-

199 493 438 561 rtivum
457 492 525 558 in
544 483 917 583 Hispaniam
955 482 1208 580 sperant
1226 490 1393 571 iter,
1426 490 1494 557 in
1512 486 1736 556 manus
1777 490 2081 572 veniunt,
2122 511 2288 583 opu·
2360 511 2499 565 assu

120 582 321 657 lentae
342 581 665 653 mercibus
689 587 763 651 δε
803 578 1011 649 multo
1042 578 1247 651 milite
1268 632 1291 665 ‚
1337 583 1453 675 qui
1492 578 1643 651 belli
1661 602 1735 649 ac
1753 585 2164 676 praemiorum
2186 582 2280 652 sa·
2351 582 2484 638 Μὴ
2515 589 2612 639 8⁰·

116 683 324 749 turin
348 682 617 775 patriam
658 672 719 746 se
738 677 1079 770 otiumque
1106 673 1428 746 retulerat.
1497 678 1759 765 Inerant
1784 677 1858 743 δε
1877 675 2076 757 literae
2096 680 2278 771 queis
2302 663 2577 796 m

119 769 299 844 senia
342 772 797 856 noscerentur,
848 767 1155 864 donaque
1189 770 1524 839 civitatum
1577 769 1630 839 F
1633 784 1890 841 ontano'
1929 768 2236 840 destinata
2258 824 2280 857 ,
2310 795 2541 857 vm,

118 890 276 962 quae
311 865 619 964 adipsum
667 867 1013 934 Mauritius
1045 861 1307 934 remifit.
1376 863 1713 957 Adventus
1759 860 1897 935 His
1922 867 2030 934 ani
2064 864 2286 936 militis

122 960 306 1057 plebi
332 960 499 1030 baud
525 980 986 1054 usquequaque
1001 977 1221 1055 gratus
1242 1011 1263 1043 ‚
1312 954 1428 1029 suo
1453 957 1775 1053 ,bellique
1894 964 1986 1028 io.
2052 964 2146 1028 At
2166 963 2288 1028 Ar·

119 1052 372 1127 chidux
408 1054 592 1125 laetus
625 1054 947 1216 indeptis,
998 1075 1284 1148 quorum
1325 1051 1567 1149 egestas
1603 1054 1924 1126 malorum
1966 1050 2139 1123 sensu
2175 1073 2289 1123 aut

120 1169 308 1220 metu
344 1149 571 1220 cund'ca
599 1171 791 1243 percu
815 1166 951 1218 erat
972 1200 994 1233 ,
1045 1145 1346 1216 coalitam
1368 1151 1623 1220 Graviae
1641 1148 1739 1219 ob·
1755 1142 2026 1218 insoluta
2047 1146 2286 1243 stipen-
2351 1143 2611 1211 Aribidnx
2673 1208 2678 1219 ,

118 1242 232 1313 dia
266 1243 652 1314 seditionem
688 1246 1042 1313 Hermanni
1086 1240 1627 1338 Herenbergenfis
1677 1240 2034 1312 ministerio
2074 1240 2284 1313 discu-
2308 1223 2608 1353 232aess

118 1342 207 1409 tit
222 1370 248 1428 ς
311 1358 675 1433 quanquam
697 1337 794 1408 his
814 1336 1073 1433 placatis
1091 1329 1344 1406 offendi
1365 1337 1578 1432 plures
1600 1391 1621 1423 ,
1662 1341 1736 1405 &
1756 1340 1924 1407 inter
1943 1333 2090 1407 istas
2109 1336 2280 1407 velut
2312 1367 2612 1451 Gradadqc
2673 1392 2678 1399 ,

119 1432 410 1506 versuras
432 1454 688 1502 manere
724 1429 1011 1528 partibus
1036 1434 1325 1528 inopiam
1364 1434 1603 1527 captivi
1627 1435 1701 1501 &
1722 1432 1928 1505 literae
1960 1429 2281 1504 testaban-
2308 1441 2444 1499 rasit.

119 1546 255 1598 tur.
337 1530 466 1597 Hic
500 1532 565 1597 in
591 1546 861 1621 utraque
892 1523 1149 1622 Belgica
1186 1524 1382 1595 status
1414 1547 1566 1596 ante
1603 1525 1882 1599 secutam
1915 1548 2130 1597 rerum
2150 1524 2286 1598 illic

119 1626 557 1693 mutationem
595 1619 745 1691 fuit.
815 1618 999 1692 Nam
1017 1627 1185 1690 inter
1217 1620 1446 1691 Galliae
1469 1618 1854 1715 Albertique
1891 1619 2141 1717 legatos
2176 1621 2292 1693 diu

121 1720 360 1815 agitata
407 1714 741 1812 colloquia
774 1717 842 1784 in
883 1716 1152 1789 multam
1203 1713 1379 1809 spem
1414 1717 1592 1811 pacis
1622 1715 1760 1822 jam
1796 1735 2119 1787 venerant.
2204 1718 2292 1788 Et

118 1812 223 1882 An
274 1812 331 1883 la
362 1810 702 1881 Caecilium
730 1808 1015 1906 Burgleii
1036 1806 1245 1879 filium
1268 1805 1392 1878 suis
1428 1831 1678 1881 arcanis
1697 1813 1996 1880 intimum
2035 1832 2292 1906 unaque

118 1906 230 1977 Wi
260 1905 505 1976 kefium
544 1903 786 1974 eodem
818 1902 1092 1973 miserat.
1165 1902 1397 1994 Qare
1415 1923 1487 1975 ut
1503 1900 1757 2001 legatos
1781 1906 1847 1974 in
1881 1901 2157 1976 Galliam
2183 1903 2293 1978 de-

118 1996 427 2076 stinarent
463 1997 827 2069 foederatos
861 1994 1150 2068 Ordines
1170 2018 1272 2068 res
1293 1999 1311 2065 i
1319 1994 1425 2093 psa
1442 1996 1831 2070 hortabatur
1870 2021 1890 2067 ε
1938 2019 2059 2068 nec
2078 2001 2291 2070 minus

117 2091 489 2165 Elisabetba
524 2095 791 2187 cupiens
835 2089 1097 2164 eosdem
1132 2088 1334 2162 libera
1361 2091 1679 2189 potestate
1716 2091 1937 2164 instrui
1959 2145 1981 2180 ,
2023 2104 2291 2163 'ut-cum
2439 2169 2450 2184 ,

118 2184 240 2259 suis
260 2187 498 2287 legatis
519 2208 677 2283 pace
715 2183 781 2257 su
869 2210 901 2257 r
921 2189 996 2255 &
1019 2184 1192 2256 bello
1226 2207 1308 2256 ex
1327 2210 1400 2257 re
1420 2186 1853 2259 consultarent
1883 2207 1903 2252 ε
1960 2182 2143 2283 quod
2168 2182 2291 2271 dis·¹

120 2280 388 2380 plicuit,
436 2305 528 2354 ne
557 2304 716 2364 mox
733 2281 773 2354 il
800 2284 864 2369 i,
894 2278 958 2358 fi
975 2279 1244 2375 rejicere
1267 2304 1402 2353 non
1421 2281 1648 2355 liceret
1671 2335 1694 2369 ,
1736 2286 1795 2355 vi
1816 2283 1993 2392 regia
2029 2303 2286 2380 preme-

119 2398 358 2449 rentur.
425 2375 562 2451 Sed
585 2376 737 2448 bina
750 2374 1118 2448 decernitur
1135 2377 1378 2474 legatio
1393 2433 1413 2461 ,
1448 2377 1726 2450 honesto
1745 2396 2061 2450 comitatu
2081 2413 2101 2463 4
2120 2400 2283 2475 qua·
2302 2418 2512 2478 maian
2528 2421 2600 2479 a,

118 2492 258 2544 rum
286 2472 488 2545 altera
515 2477 579 2543 in
596 2471 901 2569 Angliam
916 2469 1147 2543 abiret.
1213 2475 1372 2542 Eam
1389 2471 1624 2545 obiere
1637 2469 2077 2549 Warmondus
2096 2523 2116 2557 ,
2160 2469 2275 2562 saef
2291 2494 2490 2568 gnosiu

120 2568 259 2661 pius
287 2570 421 2663 jam
438 2567 659 2639 dietus
686 2620 708 2653 ,
754 2588 958 2662 utque
979 2562 1106 2636 illic
1128 2569 1322 2636 etiam
1336 2565 1655 2664 gratiosus
1682 2567 1777 2641 ob
1797 2564 2137 2639 Gaditanae
2155 2589 2273 2637 ex·
2300 2564 2598 2649 campa&

121 2660 471 2827 &ditionis
523 2664 902 2734 memoriam
938 2713 961 2746 ‚
1025 2678 1181 2728 cum
1244 2664 1485 2733 Hottin
1573 2697 1576 2700 ·
1614 2663 1821 2736 Frifio
1864 2666 1938 2732 &
1978 2659 2271 2733 Iohanne
2296 2707 2507 2770 mm

205 2756 385 2829 erkio
427 2782 465 2829 e
514 2754 845 2829 Zelandia.
933 2760 1011 2826 ln
1049 2751 1325 2826 Galliam
1357 2761 1445 2827 m‘
1559 2756 1837 2830 Iustinus
1881 2749 2224 2827 Naffavius
2247 2808 2271 2842 ,
2508 2748 2528 2771 ‘

121 2853 303 2923 maris
336 2851 683 2925 Zelandici
709 2847 1045 2946 praefeaus
1067 2900 1090 2935 ,
1141 2851 1215 2917 &
1240 2850 1563 2924 Iohannes
1602 2848 2278 2928 Oldenbarneveldius

121 2943 436 3020 Ordinum
459 2943 837 3018 Hollandiae
861 2945 1159 3040 princeps
1184 2939 1442 3015 assessor
1467 2999 1489 3031 ‚
1512 2949 1609 3020 vir
1629 2950 1854 3043 patriae
1869 2942 2281 3040 Reipublicae

118 3032 595 3126 scientiffimus‚
641 3063 716 3111 ac
738 3036 1109 3137 proindeea
1126 3036 1511 3109 auetoritate
1535 3091 1558 3124 ,
1600 3058 1908 3136 quantam
1946 3040 2093 3133 quis
2115 3035 2283 3107 sum-

125 3153 287 3204 mam
317 3159 448 3238 ope
469 3139 724 3233 ingenii
756 3153 955 3229 atque
991 3128 1313 3202 industriae
1347 3135 1414 3204 in
1430 3132 1642 3204 libero
1682 3131 1937 3231 populo
1969 3129 2279 3226 consequi

130 3225 327 3320 poffit.
386 3236 616 3328 Atque
634 3252 766 3327 ego
790 3280 812 3313 ,
838 3250 989 3298 cum
1007 3224 1124 3296 alia
1145 3224 1344 3296 multa
1365 3279 1388 3313 ,
1434 3245 1576 3297 tum
1593 3226 1722 3299 hoc
1739 3225 1897 3298 mihi
1919 3223 2279 3297 timendum

133 3319 359 3411 video,
405 3324 554 3398 nefi
575 3330 898 3420 quierunt
916 3322 1121 3392 exteri
1144 3373 1167 3408 ,
1214 3343 1498 3416 quorum
1517 3323 1584 3392 in
1607 3345 1834 3393 manus
1854 3318 1966 3390 ista
1986 3322 2274 3405 venient,
2365 3391 2366 3398 χ

135 3417 432 3489 mirentur
477 3420 668 3492 hu'us
704 3415 1102 3490 claritudinis
1136 3419 1403 3487 nomina
1439 3416 1613 3511 apud
1663 3412 1837 3513 ipsos
1879 3415 2074 3485 etiam
2113 3412 2278 3485 cele-
2337 3482 2342 3485 ,
2375 3483 2378 3484 ⁷

135 3501 304 3579 brata
337 3515 405 3583 in
445 3538 538 3585 no
601 3537 736 3583 ram
768 3509 1185 3607 scriptionem
1226 3531 1358 3581 tam
1403 3534 1556 3581 raro
1590 3513 1935 3582 incurrere.
2028 3507 2276 3581 Verum

137 3621 235 3669 me
274 3601 576 3680 defendet
601 3606 777 3679 istius
817 3609 1120 3702 imperii,
1165 3604 1572 3701 aliorum'que
1606 3607 1903 3677 omnium
1934 3603 2132 3675 nimia
2171 3603 2273 3676 di-

142 3693 400 3768 versitas.
468 3704 653 3773 Nam
673 3699 784 3774 ubi
804 3698 1057 3771 urbium
1077 3700 1216 3770 aeta
1235 3695 1595 3776 referuntur
1621 3752 1643 3787 ,
1690 3722 1853 3796 quas
1893 3697 2140 3770 senatus
2161 3721 2274 3772 aut

144 3788 406 3945 {opulus
437 3816 710 3893 regunt,
759 3795 806 3868 fi
828 3818 956 3891 qua
987 3793 1218 3866 incidit
1235 3791 1543 3867 sententia
1578 3793 1981 3868 fortitudinis
2014 3815 2127 3864 aut
2167 3790 2274 3865 so-

207 3882 335 3949 rtiae
365 3885 469 3976 insi
559 3894 698 3979 ior,
746 3892 883 3986 ejus
915 3885 1276 3961 suasoribus
1304 3886 1702 3961 exsolvendae
1733 3892 1959 3986 gratiae
1989 3886 2272 3986 benigna

144 3973 393 4047 occafio
430 4001 466 4049 e
537 4015 559 4069 3
607 4009 726 4059 nec
760 3990 828 4056 in
857 3986 1074 4081 regnis
1109 4005 1488 4081 magnarum
1529 4007 1746 4056 rerum
1788 3981 2146 4084 administri
2183 3983 2272 4054 la-

145 4080 304 4143 tent.
366 4074 706 4157 InBatavis
742 4078 973 4153 cun&
990 4077 1259 4250 concilxi}
1287 4082 1556 4153 nomine
1596 4075 2110 4240 perstribtmtug,
2154 4096 2272 4144 au·

836 4203 839 4212 ,
1303 4194 1346 4267 5
1738 4185 1745 4194 ·
2082 4186 2274 4236 orum
