2900 4628
546 74 731 242 ,σε’
910 132 1616 215 -nvcoms
1723 126 2340 201 cnoru-

253 262 460 365 1598.
539 285 656 334 nes
675 258 968 335 civitates,
988 248 1113 325 finit
1135 303 1160 339 ‚
1207 271 1494 348 quorum
1581 266 1680 339 uae
1713 243 1798 316 ad
1828 268 2009 317 mare
2038 263 2147 316 aut
2188 241 2448 319 nobiles
2492 268 2714 320 amnes

534 355 669 430 fitae
691 406 715 440 ,
762 344 1022 425 diverfis
1059 369 1100 419 e
1136 341 1510 419 nationibus
1606 339 1831 412 enedis
1861 392 1887 427 ‚
1932 335 2302 412 Saxonibus
2326 392 2348 427 ,
2387 339 2674 412 Boruffis
2693 393 2721 427 ,

536 445 867 527 Westfalis
900 440 987 514 nd
1022 437 1088 514 se
1134 442 1425 537 tuaginta
1447 434 1635 534 justis
1673 436 2056 513 commercii
2093 432 2347 529 legibus
2386 438 2454 506 in
2472 458 2750 531 corpus.

538 567 743 622 unum
760 541 1022 626 coiere,
1074 464 1340 606 ἕπετο
1378 529 1634 604 foedere
1658 582 1680 615 ,
1725 532 1832 601 cui
1854 552 2097 604 nomen
2121 527 2450 602 Anfiatico
2472 526 2729 605 fafinm

537 638 657 713 est.
710 636 865 708 Nec
887 649 1140 703 tantum
1162 628 1434 726 inperna
1470 627 1946 723 Septentrionis
1988 628 2065 695 δε
2099 623 2442 721 Belgarum
2487 644 2734 721 portus

544 731 937 808 Germanica
955 723 1263 798 industria
1280 718 1856 817 frequentabantur
1879 770 1904 807 ,
1945 714 2057 791 led
2079 722 2156 789 δε
2188 716 2482 791 Londini
2497 716 2735 811 forum

541 823 817 927 posuere
852 846 873 891 ε
914 819 1065 905 ubi,
1112 814 1459 915 postquam
1482 814 1617 888 fide
1640 817 1715 884 δε
1733 811 2006 909 utilitate
2025 816 2094 884 in
2161 810 2446 886 ublicum
2466 811 2737 884 clarue-

543 942 690 994 rant
712 971 734 1006 ,
780 909 1153 1016 permistum
1174 935 1212 982 a
1234 908 1500 1009 regibus
1520 962 1544 996 ‚
1594 928 1666 980 ut
1705 907 1979 981 modico
2010 931 2089 981 vc
2162 907 2308 1004 ’gali
2329 929 2433 979 res
2466 908 2736 980 venales

428 1029 432 1033 ·
545 1027 1048 1087 commutarent.
1098 1005 1227 1080 Sed
1245 1028 1336 1077 eo
1353 1007 1551 1077 etiam
1584 1023 1888 1100 tempore
2027 1026 2183 1075 cuus
2201 1004 2551 1074 Britanniae
2569 1025 2605 1071 a

595 1131 756 1206 rope
777 1103 917 1177 {blo
934 1101 1151 1189 lanicii
1192 1117 1513 1196 proventu
1532 1099 1812 1171 externis
1934 1094 2341 1170 vectionibus
2369 1093 2609 1196 respon
2699 1130 2738 1155 -

442 1206 445 1209 ’
628 1223 656 1273 t
680 1253 703 1287 ‚
753 1222 873 1272 nec
892 1196 1074 1268 rudia
1096 1212 1333 1292 ptaeter
1367 1192 1597 1266 vellera
1627 1194 1981 1290 quicquam
2010 1214 2093 1263 ex
2123 1189 2320 1264 insula
2337 1190 2685 1288 petebatur
2701 1212 2732 1261 ε

544 1297 761 1369 donec
786 1290 1001 1389 Belgae
1019 1288 1373 1363 domestica
1392 1284 1826 1385 pertaefimala
1849 1338 1874 1375 ,
1918 1290 1995 1357 δε
2012 1284 2270 1359 diverfis
2285 1283 2372 1357 de
2390 1284 2595 1358 caufis
2610 1307 2736 1359 et·-

547 1389 712 1463 sules
735 1440 759 1475 ,
806 1405 879 1457 ut
902 1386 1025 1459 alia
1048 1382 1202 1455 alias
1220 1401 1448 1480 gentes
1473 1435 1497 1468 ,
1546 1383 1636 1452 ita
1657 1376 2008 1478 purgandae
2048 1378 2547 1478 inficiendaeque
2563 1381 2754 1454 lauz-

431 1512 435 1523 ·
549 1486 730 1556 nium
748 1479 1003 1577 Anglos
1022 1477 1333 1550 docuere.
1369 1473 1654 1551 Eduardi
1672 1476 1742 1547 id
1764 1478 2131 1573 principatu
2148 1478 2460 1580 contigit,
2481 1478 2603 1572 qui
2626 1478 2738 1547 in·-

550 1596 770 1650 tentus
788 1578 944 1646 novi
970 1569 1245 1670 questus
1280 1590 1532 1666 partem
1564 1567 1652 1640 ad
1683 1573 1982 1641 erarium
1998 1571 2251 1642 trahere
2273 1623 2296 1657 ,
2335 1567 2727 1643 ientiebatst:

551 1670 896 1746 Anfiaticis
917 1667 1327 1765 pafflonibus
1360 1661 1685 1761 impediri.
1744 1661 2057 1757 Quaefitis
2082 1668 2285 1763 igitur
2314 1663 2758 1751 criminibus„

552 1769 743 1864 queis
762 1763 925 1834 olim
943 1756 1240 1833 concessa
1256 1764 1656 1856 eriperentur
1675 1810 1698 1844 ,
1719 1759 2008 1830 Britanni
2022 1759 2259 1832 ennea
2269 1779 2557 1834 evertere
2587 1813 2610 1847 ,
2634 1763 2736 1830 in·-

552 1864 749 1938 terim
769 1854 1104 1929 &offerre
1135 1856 1482 1927 Germanis
1523 1851 1726 1950 prisce
1738 1852 1886 1948 jura
1905 1905 1925 1938 ‚
1969 1852 2017 1927 fi
2039 1878 2407 1952 pannorum
2420 1878 2591 1925 onus
2616 1878 2733 1950 pa·-

555 1946 613 2030 ri
650 1978 801 2027 cum
835 1950 1083 2024 civibus
1114 1948 1248 2021 obs
1325 1951 1437 2019 uio
1481 1947 1769 2019 iubirent
1791 2000 1813 2033 ,
1850 1948 2166 2021 difflntes
2189 2003 2214 2038 ,
2244 1949 2405 2022 nihil
2435 1969 2574 2022 tam
2609 1948 2734 2019 ad-

552 2045 802 2127 versum
819 2048 1198 2143 imperantis
1215 2067 1264 2114 o
1334 2045 1445 2116 cio
1472 2092 1496 2126 ,
1543 2063 1741 2137 quam
1773 2038 1897 2114 fisis
1918 2066 2179 2142 gravem
2198 2067 2461 2143 parcere
2476 2043 2730 2129 alienis,

553 2147 753 2219 etiam
791 2164 976 2239 pares
1021 2138 1136 2212 fibi
1185 2140 1624 2209 immunitates
1661 2159 1779 2233 per
1828 2141 2248 2213 Germaniam
2289 2138 2724 2237 postulabant.

486 2264 491 2269 ·
556 2240 743 2334 03ae
786 2254 1016 2306 contra
1052 2236 1361 2307 Germani
1416 2230 1578 2303 nibil
1615 2232 1956 2328 profecere
1994 2282 2017 2320 ,
2086 2233 2494 2307 reclamantes
2531 2232 2726 2303 novis

554 2329 817 2433 prorsus
836 2332 1224 2404 commentis
1242 2345 1462 2434 empta
1501 2324 1617 2399 fibi
1641 2345 2002 2401 tercentum
2039 2327 2359 2404 annorum
2377 2330 2619 2399 meritis
2645 2327 2731 2396 δε

555 2423 1056 2525 quatuordecim
1076 2421 1337 2520 regibus
1353 2440 1562 2515 jurata
1583 2418 1874 2518 infringi.
1973 2426 2170 2498 Haud
2206 2428 2412 2496 minus
2429 2420 2731 2492 irrimbat

558 2520 848 2595 instituta
867 2516 1234 2615 Anglorum
1253 2512 1527 2587 sociem
1555 2567 1579 2601 ‚
1623 2536 1771 2610 quae
1809 2516 2048 2589 vestem
2082 2520 2220 2590 aliis
2237 2515 2538 2617 gentibus
2557 2515 2731 2586 suffi-

557 2615 802 2686 ciendo
838 2631 1052 2685 vetera
1087 2609 1347 2682 illorum
1398 2608 1793 2707 compendia
1848 2614 2318 2686 interverteret.
2413 2616 2590 2683 Hinc
2633 2612 2774 2681 inoe

557 2708 732 2784 vidia
769 2711 847 2778 &
882 2703 968 2778 ad
1007 2708 1106 2777 Im
1262 2724 1475 2775 torem
1558 2703 1827 2792 uerelae,
1875 2705 2226 2803 praesertim
2254 2731 2394 2807 quo
2431 2725 2734 2803 tempore

557 2826 678 2904 per
698 2801 936 2876 Albani
977 2805 1052 2872 δε
1175 2787 1473 2872 isabethae
1507 2724 1760 2871 aiffidia
1793 2803 1991 2901 Angli
2033 2802 2297 2899 Belgica
2325 2803 2536 2875 exacti
2558 2821 2734 2871 trans

558 2896 891 3006 Amafium
931 2890 1397 3005 concefferant.
1497 2890 1940 3006 Corrumpere
1982 2920 2229 2970 merces
2255 2951 2277 2986 ,
2328 2902 2406 2969 δε
2449 2894 2738 3005 faffione

560 3012 1068 3160 mam:
1117 2988 1607 3156 ‘Effssffssoi'n‘ff'
1612 2989 2738 3184 338552‘5‘312335223329303

562 3179 853 3254 extracta
896 3201 1029 3253 tem
1128 3201 1197 3249 ra
1235 3231 1258 3265 ,
1303 3179 1519 3251 donec
1564 3203 1686 3289 per
1749 3182 2093 3252 continuas
2149 3184 2312 3253 mari
2357 3179 2605 3278 praedas
2640 3181 2737 3249 in-

563 3272 977 3374 gravescente
1082 3272 1277 3372 nglici
1329 3277 1616 3345 nominis
1657 3272 1826 3345 odio
1879 3280 2202 3352 concitor‘
2220 3276 2444 3348 talium
2484 3272 2741 3369 Philip-

565 3392 691 3466 pus
731 3365 1100 3444 recentibus
1134 3366 1592 3441 controverfiis
1633 3370 1938 3464 antiquas·
1972 3369 2295 3469 implicuit
2333 3424 2356 3458 ,
2412 3365 2741 3441 Mendosa

564 3468 647 3535 &
691 3463 1070 3538 Clementio
1108 3460 1413 3533 ministris
1452 3459 1653 3534 causae
1691 3463 1959 3537 tutelam
1991 3465 2165 3562 apud
2205 3464 2526 3536 Caesarem
2542 3458 2738 3532 susci-

558 3560 749 3721 ffleus
773 3559 1037 3721 ,spallo
1058 3555 1524 3722 irimAspifiaticos
1567 3557 1829 3670 studio3
1876 3554 1984 3629 sed
2026 3581 2168 3656 quo
2205 3557 2482 3631 offensas
2499 3579 2740 3629 accen-

562 3669 1110 3854 siggrisjmgiffia
1143 3745 1470 3843 legatione
1503 3773 1539 3835 ,·
1574 3657 2095 3857 cuiuqsugiiffcgffs
2112 3654 2740 3822 {umbteffiffiuscffiur}

360 3923 363 3930 .
561 3837 930 3910 laemontms
950 3892 974 3926 ‚
1019 3860 1159 3935 quo
1196 3860 1499 3936 tempore
1538 3845 1615 3913 δε
1647 3845 1826 3912 Dant
1858 3864 1930 3913 re
1977 3845 2031 3913 is
2069 3844 2420 3916 auctoritas
2461 3839 2742 3913 ssaffen-

500 3983 511 3991 ›
561 3931 689 4004 dos
725 3930 809 4003 ad
846 3936 1125 4006 Batavos
1158 3932 1568 4024 ambiebatur
1611 3988 1636 4022 ,
1680 3938 1941 4033 increpa
1987 3956 2057 4008 at
2089 3943 2459 4014 Germanos
2495 3996 2521 4025 ,
2565 3939 2688 4030 qui
2713 3987 2741 4022 ,

563 4030 908 4126 praetetitis
946 4027 1507 4129 Belgarum-aliis,
1551 4025 1719 4109 solas
1755 4028 2092 4110 rebellium
2128 4056 2296 4134 opes
2327 4033 2764 4198 commcurg'lo·

2237 4179 2247 4192 .
2533 4151 2573 4199 fl
2700 4162 2741 4180 ‘-
