2900 4628
74 238 115 267 R.

516 136 1373 243 annattviu
1490 173 2006 243 marn.
2252 190 2336 260 52

175 277 379 363 rniliae
415 313 555 360 non
596 292 806 362 minus
842 308 1110 363 centum
1147 288 1542 385 postularent
1575 343 1596 376 ,
1638 285 1820 384 jussae
1849 289 2107 362 illorum
2146 282 2337 363 fieris
2408 288 2618 383 1578,

171 383 477 456 distribui
494 383 665 455 aedes
712 407 731 452 τ
781 385 900 455 hac
921 382 1065 481 lege
1090 436 1111 469 ‚
1158 406 1229 455 ut
1256 389 1641 454 Latinorum
1685 388 2094 456 caeremonias
2111 383 2341 480 praefe-

170 480 477 573 tentibus
514 502 629 576 per
663 478 1084 550 Hollandiam
1131 477 1209 548 ⁴&
1246 478 1628 549 Zelandiam
1685 476 2060 549 tantundem
2099 499 2340 548 conce-

172 573 444 645 deretur
464 626 488 659 ,
532 572 720 668 quod
765 593 981 644 tamen
1026 577 1430 647 non-evenit.
1528 570 1686 644 Post
1717 576 1856 644 haec
1885 594 2031 666 quae
2067 567 2338 665 sequun-

173 688 327 753 tur,
379 691 515 739 non
538 671 668 741 fine
702 665 1117 738 miseratione
1136 690 1247 740 aut
1280 670 1529 763 ingenti
1566 664 1872 762 exemplo
1917 662 2335 748 transeunda,

169 768 337 832 tanti
359 784 582 832 motus
607 816 625 848 ‚
672 782 851 832 tanta
885 761 1038 831 odia
1064 815 1084 846 ‚
1133 766 1209 832 δε
1249 767 1458 833 turboe
1497 760 1703 832 turbis
1732 757 2056 832 obtentui.
2155 760 2335 827 Nam
2407 769 2539 821 lxm
2573 763 2664 820 Ro:

169 862 249 926 &
270 853 727 928 Romanenses
744 857 956 927 alteris
989 854 1151 928 nihil
1189 854 1448 963 prorsus
1483 858 1844 927 concedere
1883 908 1904 941 ,
1954 860 2028 924 δε
2075 849 2168 922 illi
2204 873 2338 922 non
2369 834 2632 979 m‘

158 950 711 1048 jamimpunitate
758 970 864 1021 aut
898 973 1137 1041 arcano
1172 957 1284 1023 iuo
1327 950 1461 1022 laeti
1487 1004 1508 1037 ‚
1554 948 1847 1029 adversus
1882 951 2336 1021 contumacio-
2373 995 2530 1034 m„
2551 978 2625 1031 ,·,,,

168 1069 270 1115 res
296 1044 708 1143 magistratus
728 1044 886 1141 legis
919 1070 1153 1117 munus
1183 1048 1446 1143 privatis
1486 1043 1724 1118 viribus
1745 1067 1972 1140 rapere
1993 1096 2014 1129 ,
2069 1046 2141 1110 &
2164 1037 2340 1139 post·-
2371 1063 2509 1131 usna
2537 1047 2667 1124 diffl-

172 1160 373 1234 quam
410 1140 870 1235 praevaluerant
892 1193 915 1226 ,
966 1138 1278 1236 respicere
1318 1139 1661 1211 ultionem.
1699 1144 1704 1149 ’
1758 1143 1859 1209 Ita
1881 1140 1995 1234 qui
2033 1157 2186 1209 vota
2198 1138 2338 1231 jam
2373 1119 2478 1178 ¹¹¹⁴·

167 1234 422 1302 dudum
451 1288 476 1318 ,
522 1256 689 1329 opes
728 1238 806 1302 &
836 1234 1110 1310 confilia,
1130 1254 1360 1306 contra
1396 1229 1719 1331 Hispanos
1744 1255 1951 1329 nuper
1980 1232 2340 1315 admodum

159 1327 515 1422 junxerant
541 1380 565 1413 ‚
612 1332 783 1400 cives
822 1349 1052 1398 contra
1088 1332 1259 1401 cives
1296 1327 1444 1425 ipfis
1471 1331 1552 1398 xin
1590 1325 1857 1398 urbibus
1889 1329 2118 1397 armati
2152 1323 2344 1395 stete÷

171 1445 242 1491 re
268 1454 290 1506 3
340 1421 529 1491 dum*
559 1418 950 1493 adversarios
1011 1422 1323 1518 pellerent
1357 1420 1636 1493 hostium
1673 1417 1872 1493 securi
1923 1443 1943 1490 ε
1992 1444 2076 1491 ne
2117 1417 2342 1491 militis

170 1513 440 1611 quidem
477 1516 691 1591 multo
728 1517 813 1585 ad
856 1514 1097 1587 bellum
1130 1515 1243 1587 usu
1284 1569 1307 1602 ‚
1353 1517 1538 1612 cujus
1577 1512 1873 1611 praesidio
1920 1539 2043 1612 pax
2091 1518 2342 1585 interna

173 1608 661 1681 continebatur.
757 1613 864 1679 Ac
885 1609 1044 1681 fic'ut
1086 1609 1476 1685 morborum
1509 1607 1800 1681 exitiales
1833 1610 2113 1691 remedia
2130 1606 2344 1702 asper-

172 1725 451 1790 nantur,
500 1708 596 1774 ita
681 1708 745 1774 ui
786 1723 924 1774 tum
955 1705 1333 1777 concordiae
1370 1701 1713 1779 se&atores
1750 1723 1934 1774 erant
1970 1757 1994 1791 ‚
2040 1722 2156 1774 eos
2176 1725 2345 1772 con-

172 1802 497 1869 currentia
538 1821 583 1868 e
674 1796 871 1871 ‘verso
911 1800 1063 1871 odia
1151 1798 1491 1870 remebant
1535 1852 1557 1884 ,
1603 1797 1920 1894 signiferis
1958 1797 2044 1869 ad
2079 1793 2345 1871 seditio-

174 1917 327 1963 nem
346 1893 448 1964 his
476 1946 498 1978 ‚
596 1917 717 1964 uos
739 1896 1062 1992 patientiae
1128 1893 1392 1971 ostores
1409 1890 1535 1963 effe
1556 1906 1986 1989 oportuerat3
2037 1914 2152 1988 per
2173 1912 2344 1986 quos

172 1991 545 2058 communis
623 1990 767 2082 ujus
809 1988 1016 2058 saeculi
1049 1988 1243 2085 pestis
1275 1992 1343 2057 in
1379 1985 1676 2085 utrasque
1741 2008 1907 2057 artes
1933 1987 2186 2083 vulgata
2203 1982 2340 2071 est3
2403 2048 2406 2053 .

167 2078 420 2154 inversa
436 2105 642 2152 rerum
672 2087 981 2168 nomina,
1028 2102 1100 2152 ut
1138 2105 1307 2153 caeca
1330 2079 1673 2154 diffidendi
1730 2079 1912 2153 ibido
1951 2085 2095 2178 pius
2115 2079 2338 2165 ardor,

166 2173 498 2247 modestia
516 2179 589 2245 δι
622 2181 822 2248 animi
841 2180 1188 2274 temperies
1209 2179 1462 2274 ignavia
1485 2229 1507 2263 ,
1554 2180 1876 2249 autetiam
1896 2176 2192 2285 proditio
2213 2196 2337 2247 vo-

166 2290 454 2341 caretur,
539 2268 995 2345 Gandavenses
1035 2275 1056 2342 i
1105 2274 1231 2345 itur
1268 2295 1357 2343 eo
1386 2272 1521 2367 jam
1551 2271 1840 2370 proveffi
1875 2272 2152 2346 licentiae
2189 2325 2211 2357 ‚
2259 2287 2331 2339 ut
2403 2282 2612 2360 σωμ-
2655 2355 2661 2362 η

166 2369 626 2460 impunitatem
670 2365 787 2439 nifi
835 2390 919 2439 ex
970 2390 1053 2456 au
1134 2371 1253 2437 ciae
1304 2366 1749 2464 magnitudine
1783 2393 1917 2439 non
1959 2368 2280 2465 sperarent
2299 2416 2323 2450 ,
2364 2358 2526 2437 *ΜΡ*
2553 2374 2663 2485 ⁶⁶1:

167 2459 824 2533 concitore‘lmbifio
844 2513 864 2544 ‚
911 2468 1025 2557 qui
1059 2484 1175 2560 per
1206 2464 1430 2532 tritum
1450 2461 1782 2557 quondam
1822 2463 2179 2536 Arteveldis
2203 2467 2328 2532 iter
2359 2444 2662 2573 ἕρπω

165 2554 249 2627 ad
285 2558 655 2652 potentiam
684 2554 1078 2652 grassabatur
1099 2609 1120 2642 ,
1157 2557 1365 2654 palam
1386 2553 1533 2629 satis
1567 2562 1907 2654 imperium
1941 2557 2322 2631 demetunt.
2362 2569 2625 2644 &ruperim

103 2732 106 2738 ,
165 2649 534 2746 Negabant
563 2649 726 2721 ultra
760 2646 823 2721 se
857 2646 1097 2722 visuros
1128 2654 1467 2724 Romanas
1508 2647 1983 2749 superstitiones
2011 2707 2031 2740 ,
2077 2650 2327 2724 saevitiae
2362 2639 2655 2702 hemam.

164 2748 246 2814 &
284 2765 395 2814 tot
430 2741 737 2817 scelerum
773 2749 1147 2841 repertrices
1197 2771 1217 2816 ε
1266 2773 1403 2821 non
1445 2747 1632 2842 quod
1670 2747 1967 2819 aufiores
1997 2746 2330 2819 seditionis
2357 2719 2662 2846 ,ἔκ

160 2839 449 2911 multum
469 2834 575 2911 fisa
596 2836 831 2910 refierre
861 2839 1336 2928 existimarent,
1384 2846 1592 2914 utrius
1625 2840 1961 2937 religionis
1993 2834 2202 2937 specie
2221 2860 2327 2910 tu-
2360 2873 2469 2912 cum
2501 2857 2661 2931 sacer.

158 2934 638 3005 multuarentur
686 2958 706 3002 ε
755 2931 861 3004 sed
901 2934 1225 3006 veteribus
1259 2959 1429 3007 nova
1470 2989 1493 3022 ‚
1541 2937 1820 3033 receptis
1861 2940 2122 3032 propria
2169 2957 2328 3031 prae-
2364 2927 2657 3054 2:13⁶!ssst-

156 3025 469 3099 ferebant
488 3059 532 3111 ,ς
585 3032 665 3097 ὅτ,
698 3027 874 3099 forte
914 3029 1231 3100 convictis
1271 3027 1532 3101 nefariae
1569 3029 1856 3104 libidinis
1891 3030 2142 3124 aliquot
2179 3052 2330 3099 mo·
2434 3015 2655 3074 ‘mm‘

160 3122 397 3195 nachis
418 3176 440 3208 ‚
484 3121 869 3220 flagrantem
890 3126 1134 3193 recenti
1164 3119 1329 3207 odio
1353 3142 1552 3218 atque
1566 3122 1801 3196 invidia
1825 3124 2124 3195 ordinem
2143 3177 2166 3208 ‚
2211 3121 2332 3193 de-

158 3216 326 3290 inde
356 3217 722 3289 sacerdotes
755 3233 1125 3313 exegerant,
1220 3221 1398 3287 Tum
1435 3211 1677 3288 conscii
1734 3239 2047 3313 quantum
2079 3237 2328 3312 coepta-
2365 3234 2540 3292 vrbem
2556 3248 2659 3312 ope.

159 3331 313 3384 rent
334 3365 356 3398 ‚
404 3312 633 3384 urbem
675 3313 990 3408 operibus
1010 3311 1261 3381 munire
1298 3309 1635 3382 instituunt
1681 3336 1701 3381 ε
1750 3334 1897 3407 quae
1919 3314 2166 3408 ingenti
2183 3334 2326 3380 am·
2362 3307 2495 3391 ribus
2507 3327 2618 3366 mu-

161 3404 311 3476 bitu
369 3429 487 3501 par
529 3410 851 3477 maximis.
880 3404 1134 3478 urbium
1175 3461 1200 3488 ,
1245 3425 1553 3477 caeterum
1594 3430 1730 3484 non
1761 3425 1903 3476 tota
1954 3406 2315 3478 habitatur:
2357 3396 2568 3512 '¹¹¹3ss

162 3524 317 3569 nam
341 3498 573 3571 obseffi
601 3498 809 3597 saepe,
860 3507 936 3572 &
979 3523 1063 3572 ex
1106 3500 1400 3572 moribus
1445 3499 1567 3570 suis
1610 3499 1837 3571 eadem
1882 3503 1946 3570 in
1992 3499 2318 3597 posterum
2355 3523 2423 3591 <9-
2450 3473 2675 3588 Muza·

162 3615 570 3678 metuentes,
615 3595 942 3669 moenibns
976 3618 1125 3668 arva
1164 3593 1565 3668 incluserant.
1662 3598 1833 3687 Qo
1874 3599 2076 3693 magis
2107 3602 2317 3666 muni·
2355 3600 2612 3684 rumdam·

164 3692 265 3760 tio
288 3688 737 3785 procedebat,
768 3691 915 3768 hoc
954 3695 1165 3761 minus
1204 3689 1538 3761 Ordinum
1585 3694 1661 3760 δε
1686 3690 1979 3762 >Matbiae
2024 3692 2319 3762 mandata
2357 3668 2611 3804 ἥξω

164 3784 640 3870 audiebantur,
690 3784 1027 3857 vaniffimis
1063 3789 1129 3856 in
1176 3783 1323 3856 illos
1368 3786 1741 3857 criminibus
1772 3786 2029 3882 jactatis
2052 3839 2072 3870 ‚
2119 3790 2201 3855 δε
2242 3813 2322 3858 ex
2362 3761 2655 3886 Νιζῖιέηπι

161 3877 261 3949 his
290 3932 311 3964 ,
410 3888 594 3952 uaein
632 3879 695 3952 ie
729 3882 1093 3958 iritaverant
1116 3932 1140 3965 ,
1187 3881 1649 3977 retroqnaefito
1683 3884 1936 3954 colore.
2031 3883 2180 3956 Nec
2201 3883 2324 3953 ulla
2361 3885 2496 3958 ‘tud
2522 3888 2622 3942 ἔθος

163 3902 649 4048 Αταυὲοηεῐιίὶς
696 3981 901 4073 gratia
933 4031 956 4064 ,
1007 3997 1180 4071 quan
1233 3998 1380 4046 uam
1439 3999 1526 4046 eo
1574 3974 1822 4048 suasore
1874 3979 2072 4049 avitas
2107 3980 2279 4072 leges
2302 4028 2323 4058 ‚
2363 3953 2657 4101 afffifffiffiffl

165 4067 521 4150 tebellione
557 4070 895 4173 quondam
933 4074 1001 4150 in
1032 4070 1213 4150 Cam
1238 4095 1347 4144 um
1380 4065 1630 4143 amissas
1672 4124 1695 4162 ,
1745 4070 2194 4148 Gandavenses
2224 4092 2326 4136 re-
2362 4098 2453 4161 tia.
2534 4048 2598 4103 ε’
2645 4099 2655 4108 ·

1378 4166 1450 4242 D
1499 4186 1542 4262 5
1597 4231 1600 4234 ,
2131 4184 2329 4265 cepe-
