2900 4628
508 110 1543 224 mss-‘romum
1624 154 1865 224 mn.
1943 154 2028 225 v,
2207 98 2379 239 267⁸

188 252 703 333 adversariorum
753 258 1097 343 fitbtilitate
1136 258 1426 332 adversus
1463 261 1633 358 ipsos
1669 267 1803 333 uti.
1900 262 2229 333 Clamerat
2262 268 2339 332 δε
2401 270 2613 361 1596.

188 346 512 424 Hadriani
550 357 716 426 Iunii
752 358 969 425 Batavi
1001 354 1282 425 eruditio
1310 409 1331 440 ,
1376 360 1480 426 cui
1504 358 1591 451 pb
1635 355 1757 428 fica
1787 356 2175 427 &medendi
2197 353 2338 426 usus
2401 370 2671 435 aarum&

185 446 594 544 obtigerant.
658 448 816 527 ‚Nee
909 446 1043 517 uod
1080 449 1398 544 reliquum
1436 450 1529 544 est
1591 452 1882 548 apientiae
1913 448 2336 521 deserebatur.
2370 448 2551 505 mus.

186 540 568 613 Maximum
597 542 851 614 acceffit
919 563 1108 612 umen
1144 541 1592 640 Aldegondius
1618 596 1639 628 ,
1685 546 1893 613 otium
1924 541 2054 613 illic
2085 546 2339 635 D‘iyinae
2368 516 2651 645 ‘ffb-¹³4⁶*

159 633 324 731 flegi
362 638 430 706 in
555 640 747 705 trium
787 634 1143 707 sermonem
1181 635 1635 708 transferendae
1673 658 1963 733 quaerens
1989 669 2012 723 3
2062 639 2136 703 &
2156 658 2193 704 e
2240 659 2337 705 re·-
2371 658 2580 734 culm

179 733 337 825 ‘gius
371 728 712 800 nocendis
752 728 1090 800 herbarum
1130 727 1373 801 viribus
1415 728 1692 801 Carolus
1742 729 1994 802 Clu'fius
2034 731 2195 800 Atre
2282 755 2334 800 s.

175 828 374 893 ‘Inter
392 826 639 919 primos
659 877 680 908 ,
724 846 893 919 quos
911 822 1208 894 curandis
1229 823 1657 921 regendisque
1679 822 1898 895 studiis
1917 823 2204 894 Ordines
2226 827 2344 893 im-

173 914 462 1014 'posuere
486 969 508 1004 ,
554 922 743 988 Ianus
781 915 1003 988 Donsa
1036 915 1199 1002 fuit,
1248 923 1351 987 cui
1379 939 1581 1015 genus
1615 972 1636 1003 ,
1684 918 1973 1014 gestique
2008 916 2293 987 honores
2315 969 2335 1003 ‚
2355 901 2659 1043 ΓΙΒΥ

181 1013 271 1081 ’δε
325 1011 672 1081 toleratum
718 1011 1016 1117 Lugduni
1066 1010 1388 1084 obfidium
1431 1012 1603 1110 apud
1745 1011 1943 1082 steros
1985 1014 2339 1082 carminum
2368 1042 2475 1101 mia
2495 1046 2659 1119 ρῳ...

185 1102 404 1199 gloria
485 1127 810 1177 rementur
854 1128 875 1173 ε
926 1111 990 1178 in
1030 1110 1211 1200 queis
1259 1124 1473 1176 tamen
1512 1105 1646 1200 ejus
1690 1114 1795 1175 em
1837 1108 2123 1176 nominis
2166 1103 2339 1176 filius
2370 1127 2469 1175 ru.

187 1192 426 1293 praecel
453 1205 502 1268 it
523 1252 546 1284 ‚
587 1199 759 1273 idem
783 1205 945 1296 patri
966 1198 1296 1271 annalibus
1313 1199 1681 1274 Hollandiae
1701 1198 2062 1273 condendis
2081 1197 2292 1271 socius
2311 1252 2337 1288 ,

193 1292 275 1360 &
312 1314 426 1392 par
462 1290 808 1389 majoribus
832 1292 1307 1365 meditamentis
1332 1346 1353 1379 ‚
1396 1298 1463 1379 ni
1486 1317 1665 1363 mors
1687 1297 2024 1365 immatura
2037 1295 2338 1387 juvenem

183 1379 455 1457 summae
487 1387 892 1457 eruditorum
925 1385 1381 1483 exspectationi
1405 1384 1767 1458 abstuliffet.
1839 1384 2112 1456 Talibus
2132 1389 2340 1483 magi-

182 1476 333 1551 stris
373 1501 569 1576 atque
621 1480 931 1576 exemplis
979 1482 1279 1575 juventus
1317 1487 1527 1552 excita
1566 1485 1632 1552 in
1664 1482 1803 1552 ea'm
1856 1479 2343 1575 multitudinem
2452 1480 2455 1487 '

183 1578 471 1645 ‘excrevit
496 1627 517 1661 ,
567 1594 637 1644 nt
672 1595 839 1644 artes
872 1578 1203 1647 communi
1245 1578 1319 1643 &
1349 1579 1611 1669 privatae
1648 1574 1906 1645 utilitati
1952 1577 2339 1670 propiores,

183 1680 333 1832 ῗιιεε
350 1683 682 1765 antea‘per
713 1665 1209 1764 infrequentiam
1235 1669 1580 1761 jacebant,
1629 1666 1872 1740 alendis
1897 1669 2170 1762 ingeniis
2199 1691 2340 1741 non

217 1760 498 1832 ufficiant
537 1786 556 1831 :
607 1776 974 1858 quanquam
1014 1766 1088 1831 &
1129 1761 1304 1831 ultro
1320 1761 1428 1832 alii
1445 1759 1769 1831 literatura
1784 1782 1895 1831 aut
1915 1761 2339 1832 verfibus'no-

185 1876 338 1923 men
376 1855 555 1925 suum
587 1856 861 1952 vulgare·
886 1873 1292 1955 praeoptant,
1339 1854 1512 1926 haud
1548 1853 1740 1926 sterili
1773 1857 1912 1949 ejus
1951 1853 2337 1950 eloquentia

183 1948 495 2033 Batavia,
541 1969 613 2017 ut
650 1947 992 2045 quondam„
1019 1949 1196 2020 Petri
1234 1950 1487 2033 Nannii
1528 1951 1602 2018 δε
1636 1951 1775 2020 Iani
1797 1944 2075 2020 Secundi
2098 1998 2118 2033 ,
2167 1947 2334 2040 ejus-

184 2063 321 2136 que
362 2039 633 2111 fratrum
656 2095 678 2127 ,
725 2060 865 2111 tum
904 2038 1070 2113 hisce
1099 2040 1508 2145 temporibus
1529 2040 1881 2113 multorum
1902 2043 2095 2111 etiam
2116 2038 2338 2111 adole·
2416 2116 2419 2121 ,

185 2136 502 2205 icentium
544 2131 792 2232 scriptis
826 2156 1233 2233 compertum
1268 2135 1383 2209 est.
1453 2142 1529 2207 In
1568 2134 1873 2207 summam
1905 2154 2121 2204 tamen
2143 2133 2339 2206 cruda
2390 2188 2393 2189 ν

186 2230 404 2332 gentis
440 2226 639 2299 studia
662 2233 755 2317 y&
795 2228 952 2301 lucri
983 2252 1261 2341 propera
1294 2227 1676 2333 inspiciens,
1725 2229 2015 2300 nondum
2055 2223 2333 2316 Erasini,

185 2321 480 2394 nondum
502 2323 815 2422 Longolii
849 2346 1116 2421 patriam
1137 2323 1465 2421 agnoscas.
1533 2323 1662 2397 Sed
1685 2348 1791 2395 me
1809 2346 2194 2421 magnorum
2215 2348 2339 2398 no-

184 2421 431 2488 minum
475 2422 826 2491 reverentia
864 2471 885 2504 ‚
950 2423 1024 2489 &
1063 2439 1201 2494 tran
1252 2417 1519 2492 uillioris
1574 2415 1890 2524 sspientiae
1928 2421 2258 2516 reputatio
2296 2441 2337 2488 a

185 2510 551 2608 Republica
574 2517 647 2582 &
670 2515 862 2583 armis
883 2511 994 2583 lon
1050 2516 1142 2587 'us
1164 2533 1233 2582 tu
1260 2517 1308 2584 it
1332 2566 1352 2599 ‚
1379 2535 1525 2608 quae
1555 2537 1727 2585 nunc
1746 2533 1996 2609 repeto.
2045 2510 2226 2590 Miffi
2248 2510 2332 2585 ad

190 2601 660 2692 Christianum,
706 2629 779 2677 ea
813 2607 997 2704 appel
1059 2611 1240 2679 tione
1282 2627 1577 2706 quartum
1604 2661 1626 2693 ‚
1675 2607 1959 2703 legitima
1992 2605 2122 2702 jam
2143 2623 2330 2675 aetate
2377 2604 2649 2665 raeda-m:

185 2715 452 2793 regnum
503 2703 732 2771 Daniae
774 2698 1205 2797 capescentem
1247 2723 1296 2790 ,·
1334 2705 1446 2806 qui
1495 2702 1761 2771 Patrum
1799 2699 2029 2798 gaudia
2067 2704 2165 2772 δι’
2175 2718 2327 2771 vota
2358 2678 2645 2812 mh

184 2791 428 2863 lerrent
450 2846 472 2881 ,
521 2818 655 2864 non
694 2813 842 2864 ante
875 2817 1085 2883 tamen
1129 2848 1150 2881 ‚
1195 2818 1389 2898 quam
1432 2789 1739 2868 lolemnia
1780 2791 2149 2870 transierant
2182 2845 2202 2877 ‚
2247 2815 2328 2872 ne
2350 2821 2505 2890 gneio.

184 2883 423 2964 celebri
468 2887 735 2959 aliarum
790 2887 1184 2985 legationum
1226 2908 1546 2968 conventu
1599 2889 1683 2960 de
1735 2886 1890 2957 loco
1930 2905 2327 2981 certaretur,

181 2997 332 3049 cum
353 2979 589 3053 invidia
610 3033 632 3068 ,
678 3000 788 3051 aut
813 3035 835 3067 ‚
867 2978 914 3052 fi
934 2983 1159 3079 sponte
1182 2980 1479 3051 cederent
1503 3032 1525 3072 ,
1572 2984 2025 3062 imminutione
2046 2982 2331 3077 dignita-
2728 3066 2733 3070 ἢ

182 3079 292 3143 tis.
353 3079 641 3145 Tantum
668 3071 874 3146 abfuit
893 3128 914 3161 ‚
949 3097 1020 3145 ut
1051 3074 1281 3164 auxilia
1301 3080 1630 3155 communi
1653 3073 2011 3176 Hispanicae
2035 3073 2327 3153 domina-
2395 3077 2625 3163 Auxilia,

182 3169 383 3237 tionis
421 3187 599 3237 metu
635 3190 1052 3249 exorarentur
1085 3222 1105 3255 ,
1169 3167 1500 3265 privilegia
1540 3165 1685 3237 solis
1728 3166 2325 3243 Amstelodamenfi-
2344 3155 2641 3293 mu*
2736 3189 2745 3198 ·

183 3257 303 3331 bus
342 3261 593 3333 firmata
624 3258 767 3340 sunt
788 3314 810 3349 ‚
862 3261 1246 3359 improbatis
1269 3285 1414 3361 quae
1436 3260 1720 3333 Scidami
1745 3267 1817 3330 &
1841 3260 2145 3332 Enchusae
2165 3265 2325 3333 civi·
2351 3307 2449 3347 „m
2617 3325 2645 3350 ,

183 3370 350 3428 tates
384 3352 603 3452 priscis
624 3379 659 3425 a
679 3355 971 3452 Regibus
991 3354 1107 3428 fibi
1127 3352 1422 3428 conceffa
1441 3353 1792 3426 dietabant.
1859 3357 2091 3456 Legati
2110 3373 2325 3427 tamen
2356 3377 2573 3424 mmm
2600 3355 2603 3358 “

181 3470 331 3520 eum
363 3449 619 3520 honore
658 3453 731 3518 &
766 3449 1138 3521 muneribus
1168 3447 1445 3536 dimiffi3
1492 3467 1689 3550 atque
1726 3445 1890 3518 adeo
1928 3447 2093 3526 haud
2117 3447 2324 3528 multo

183 3540 331 3638 post
357 3542 445 3614 ab
478 3540 769 3640 Hispano
799 3543 1033 3615 eodem
1066 3544 1404 3638 adveniens
1443 3542 1767 3629 Iohannes
1798 3541 2082 3638 Baptista
2122 3546 2323 3616 Taxis

183 3637 427 3736 majora
509 3659 628 3708 nan
681 3660 825 3724 uam
856 3636 1026 3716 dona
1056 3636 1347 3710 adferens
1384 3692 1406 3724 ,
1465 3636 1637 3708 haud
1674 3659 1855 3736 aeque
1891 3642 2167 3709 comiter
2207 3661 2321 3710 ex-
2461 3694 2533 3747 33

185 3748 409 3823 ceptus
443 3754 482 3799 e
544 3782 562 3802 .
630 3659 838 3801 Zausa
858 3730 1136 3810 creditur
1158 3785 1179 3818 ,
1210 3730 1393 3830 quod
1416 3728 1733 3834 Hispanus
1751 3785 1772 3818 ‚
1794 3735 2063 3836 quinon
2087 3736 2173 3803 ita
2194 3737 2323 3830 pri-
2347 3706 2481 3820 πω
2505 3711 2643 3820 orsi-⁶-

185 3818 336 3891 dem
371 3842 649 3897 trecenta
679 3828 1086 3897 Ducatorurn
1121 3825 1316 3905 millia
1332 3849 1541 3898 annua
1562 3828 1760 3898 Dauo
1782 3822 2164 3922 promisisset
2180 3830 2321 3900 vice
2352 3851 2443 3890 nus
2466 3867 2473 3874 ,
2498 3837 2638 3892 eona-

183 3913 510 4012 veffigalis
535 3972 553 4005 ,
597 3940 669 3991 ut
702 3917 937 3992 fretum
973 3919 1229 3998 Batavis
1262 3920 1585 3993 clauderet
1608 3974 1630 4008 ,
1676 3920 1806 3992 hoc
1841 3944 1977 3995 non
2020 3925 2324 4029 impetra·
2353 3907 2673 4031 ἕζεθΡῦΜ.

179 4029 258 4090 to
277 4062 305 4103 ,
352 4013 683 4094 couvistus
716 4010 951 4094 deinde
985 4012 1191 4094 fuerat
1209 4053 1236 4109 ,
1280 4010 1545 4095 voluiffe
1579 4037 1755 4094 arces
1785 4010 1963 4095 freto
1995 4013 2326 4175 impzfitlas
2432 3990 2600 4056 '‘m-'⁶

209 4127 216 4131 ·
587 4143 594 4150 -
683 4140 688 4147 ·
2193 4126 2238 4172 o
2264 4125 2314 4174 o

2352 3622 2641 3678 Taxian-
