<?xml version="1.0" encoding="UTF-8"?>
<!DOCTYPE html PUBLIC "-//W3C//DTD XHTML 1.0 Transitional//EN"
    "http://www.w3.org/TR/xhtml1/DTD/xhtml1-transitional.dtd">
<html xmlns="http://www.w3.org/1999/xhtml" xml:lang="en" lang="en">
 <head>
  <title>
</title>
<meta http-equiv="Content-Type" content="text/html;charset=utf-8" />
  <meta name='ocr-system' content='tesseract 3.04.00' />
  <meta name='ocr-capabilities' content='ocr_page ocr_carea ocr_par ocr_line ocrx_word'/>
</head>
<body>
  <div class='ocr_page' id='page_1' title='image "./annalesethistor00grotgoog/annalesethistor00grotgoog_0264.png"; bbox 0 0 2900 4628; ppageno 0'>
   <div class='ocr_carea' id='block_1_1' title="bbox 318 269 525 353">
    <p class='ocr_par' dir='ltr' id='par_1_1' title="bbox 318 269 525 353">
     <span class='ocr_line' id='line_1_1' title="bbox 318 269 525 353; baseline -0.005 -33"><span class='ocrx_word' id='word_1_1' title='bbox 318 269 525 353; x_wconf 69' lang='lat'>1525.</span> 
     </span>
    </p>
   </div>
   <div class='ocr_carea' id='block_1_2' title="bbox 605 126 2345 229">
    <p class='ocr_par' dir='ltr' id='par_1_2' title="bbox 605 126 2345 229">
     <span class='ocr_line' id='line_1_2' title="bbox 605 126 2345 229; baseline -0.005 -21"><span class='ocrx_word' id='word_1_2' title='bbox 605 143 741 229; x_wconf 80' lang='lat'>236</span> <span class='ocrx_word' id='word_1_3' title='bbox 1028 126 1693 205; x_wconf 78' lang='lat' dir='ltr'>Hvoole</span> <span class='ocrx_word' id='word_1_4' title='bbox 1815 131 2345 203; x_wconf 79' lang='lat' dir='ltr'>GROT11</span> 
     </span>
    </p>
   </div>
   <div class='ocr_carea' id='block_1_3' title="bbox 597 237 2762 719">
    <p class='ocr_par' dir='ltr' id='par_1_3' title="bbox 597 237 2762 719">
     <span class='ocr_line' id='line_1_3' title="bbox 599 237 2760 343; baseline -0.003 -25"><span class='ocrx_word' id='word_1_5' title='bbox 599 249 911 322; x_wconf 80' lang='lat' dir='ltr'>affirmem</span> <span class='ocrx_word' id='word_1_6' title='bbox 927 243 1146 315; x_wconf 90' lang='lat' dir='ltr'>Tabin</span> <span class='ocrx_word' id='word_1_7' title='bbox 1167 266 1264 316; x_wconf 87' lang='lat' dir='ltr'>ne·</span> <span class='ocrx_word' id='word_1_8' title='bbox 1284 244 1369 315; x_wconf 90' lang='lat' dir='ltr'>Sc</span> <span class='ocrx_word' id='word_1_9' title='bbox 1417 243 1569 315; x_wconf 80' lang='lat' dir='ltr'>thiae</span> <span class='ocrx_word' id='word_1_10' title='bbox 1586 262 1881 335; x_wconf 89' lang='lat' dir='ltr'>montem</span> <span class='ocrx_word' id='word_1_11' title='bbox 1896 241 2058 315; x_wconf 88' lang='lat' dir='ltr'>olim</span> <span class='ocrx_word' id='word_1_12' title='bbox 2076 248 2456 343; x_wconf 86' lang='lat' dir='ltr'>cognitum,</span> <span class='ocrx_word' id='word_1_13' title='bbox 2499 244 2576 313; x_wconf 90' lang='lat'>&amp;</span> <span class='ocrx_word' id='word_1_14' title='bbox 2687 237 2760 327; x_wconf 62' lang='grc' dir='ltr'>ζέ</span> 
     </span>
     <span class='ocr_line' id='line_1_4' title="bbox 599 269 2762 434; baseline -0.003 -21"><span class='ocrx_word' id='word_1_15' title='bbox 599 343 839 413; x_wconf 64' lang='lat' dir='ltr'>retiam</span> <span class='ocrx_word' id='word_1_16' title='bbox 874 343 942 411; x_wconf 91' lang='lat' dir='ltr'>in</span> <span class='ocrx_word' id='word_1_17' title='bbox 956 357 1176 409; x_wconf 88' lang='lat' dir='ltr'>ortum</span> <span class='ocrx_word' id='word_1_18' title='bbox 1217 269 1542 413; x_wconf 57' lang='lat' dir='ltr'>Semglam</span> <span class='ocrx_word' id='word_1_19' title='bbox 1562 360 1764 434; x_wconf 84' lang='lat' dir='ltr'>parvo</span> <span class='ocrx_word' id='word_1_20' title='bbox 1801 334 2054 410; x_wconf 83' lang='lat' dir='ltr'>brevius</span> <span class='ocrx_word' id='word_1_21' title='bbox 2091 361 2479 411; x_wconf 88' lang='lat' dir='ltr'>concurrere</span> <span class='ocrx_word' id='word_1_22' title='bbox 2511 340 2579 407; x_wconf 90' lang='lat' dir='ltr'>in</span> <span class='ocrx_word' id='word_1_23' title='bbox 2628 341 2762 407; x_wconf 85' lang='lat' dir='ltr'>ica-</span> 
     </span>
     <span class='ocr_line' id='line_1_5' title="bbox 600 428 2761 530; baseline -0.003 -24"><span class='ocrx_word' id='word_1_24' title='bbox 600 440 732 507; x_wconf 86' lang='lat' dir='ltr'>rint</span> <span class='ocrx_word' id='word_1_25' title='bbox 757 486 779 520; x_wconf 89' lang='lat'><strong>‚</strong></span> <span class='ocrx_word' id='word_1_26' title='bbox 828 457 913 527; x_wconf 81' lang='lat' dir='ltr'>an</span> <span class='ocrx_word' id='word_1_27' title='bbox 950 431 1190 502; x_wconf 86' lang='lat' dir='ltr'>fretum</span> <span class='ocrx_word' id='word_1_28' title='bbox 1206 428 1362 507; x_wconf 85' lang='lat' dir='ltr'>illud</span> <span class='ocrx_word' id='word_1_29' title='bbox 1392 430 1614 502; x_wconf 88' lang='lat' dir='ltr'>auditu</span> <span class='ocrx_word' id='word_1_30' title='bbox 1631 451 2043 527; x_wconf 86' lang='lat' dir='ltr'>compertum</span> <span class='ocrx_word' id='word_1_31' title='bbox 2084 431 2159 507; x_wconf 84' lang='lat' dir='ltr'>fit</span> <span class='ocrx_word' id='word_1_32' title='bbox 2183 486 2203 518; x_wconf 92' lang='lat'>,</span> <span class='ocrx_word' id='word_1_33' title='bbox 2248 455 2398 530; x_wconf 83' lang='lat' dir='ltr'>quo</span> <span class='ocrx_word' id='word_1_34' title='bbox 2417 431 2696 506; x_wconf 84' lang='lat' dir='ltr'>diremta</span> <span class='ocrx_word' id='word_1_35' title='bbox 2716 453 2761 500; x_wconf 88' lang='lat' dir='ltr'>a</span> 
     </span>
     <span class='ocr_line' id='line_1_6' title="bbox 601 524 2761 607; baseline -0.003 -6"><span class='ocrx_word' id='word_1_36' title='bbox 601 530 894 601; x_wconf 81' lang='lat' dir='ltr'>Tartaris</span> <span class='ocrx_word' id='word_1_37' title='bbox 935 526 1237 596; x_wconf 86' lang='lat' dir='ltr'>Ametica</span> <span class='ocrx_word' id='word_1_38' title='bbox 1281 549 1699 597; x_wconf 89' lang='lat' dir='ltr'>communem</span> <span class='ocrx_word' id='word_1_39' title='bbox 1733 549 1881 596; x_wconf 89' lang='lat' dir='ltr'>cum</span> <span class='ocrx_word' id='word_1_40' title='bbox 1927 524 2051 607; x_wconf 85' lang='lat' dir='ltr'>illis</span> <span class='ocrx_word' id='word_1_41' title='bbox 2096 530 2195 598; x_wconf 91' lang='lat' dir='ltr'>ori</span> <span class='ocrx_word' id='word_1_42' title='bbox 2250 530 2423 597; x_wconf 89' lang='lat' dir='ltr'>inem</span> <span class='ocrx_word' id='word_1_43' title='bbox 2447 525 2634 599; x_wconf 82' lang='lat' dir='ltr'>vultu</span> <span class='ocrx_word' id='word_1_44' title='bbox 2676 546 2761 595; x_wconf 82' lang='lat' dir='ltr'>ac</span> 
     </span>
     <span class='ocr_line' id='line_1_7' title="bbox 597 549 2759 719; baseline -0.003 -24"><span class='ocrx_word' id='word_1_45' title='bbox 597 620 898 694; x_wconf 82' lang='lat' dir='ltr'>moribus</span> <span class='ocrx_word' id='word_1_46' title='bbox 944 623 1238 719; x_wconf 83' lang='lat' dir='ltr'>gentium</span> <span class='ocrx_word' id='word_1_47' title='bbox 1263 617 1517 713; x_wconf 72' lang='lat' dir='ltr'>fatetur</span> <span class='ocrx_word' id='word_1_48' title='bbox 1539 652 1575 687; x_wconf 91' lang='lat'>.·</span> <span class='ocrx_word' id='word_1_49' title='bbox 1629 620 1635 627; x_wconf 79' lang='grc'><em>’</em></span> <span class='ocrx_word' id='word_1_50' title='bbox 1659 622 1720 689; x_wconf 91' lang='grc' dir='ltr'><strong>Α</strong></span> <span class='ocrx_word' id='word_1_51' title='bbox 1744 619 2007 691; x_wconf 89' lang='lat' dir='ltr'>Pitzora</span> <span class='ocrx_word' id='word_1_52' title='bbox 2041 549 2305 691; x_wconf 66' lang='lat' dir='ltr'>Moscghi</span> <span class='ocrx_word' id='word_1_53' title='bbox 2328 616 2759 715; x_wconf 84' lang='lat' dir='ltr'>provinciaad</span> 
     </span>
    </p>
   </div>
   <div class='ocr_carea' id='block_1_4' title="bbox 565 712 2759 810">
    <p class='ocr_par' dir='ltr' id='par_1_4' title="bbox 565 712 2759 810">
     <span class='ocr_line' id='line_1_8' title="bbox 565 712 2759 810; baseline -0.002 -24"><span class='ocrx_word' id='word_1_54' title='bbox 565 715 842 799; x_wconf 67' lang='lat' dir='ltr'>,flumen</span> <span class='ocrx_word' id='word_1_55' title='bbox 891 733 1095 810; x_wconf 88' lang='lat' dir='ltr'>usque</span> <span class='ocrx_word' id='word_1_56' title='bbox 1145 712 1332 783; x_wconf 90' lang='lat' dir='ltr'>Obin</span> <span class='ocrx_word' id='word_1_57' title='bbox 1375 712 1695 808; x_wconf 87' lang='lat' dir='ltr'>quicquid</span> <span class='ocrx_word' id='word_1_58' title='bbox 1731 716 1891 784; x_wconf 88' lang='lat' dir='ltr'>mari</span> <span class='ocrx_word' id='word_1_59' title='bbox 1940 716 2314 808; x_wconf 79' lang='lat' dir='ltr'>praetexitur</span> <span class='ocrx_word' id='word_1_60' title='bbox 2359 714 2759 808; x_wconf 67' lang='lat' dir='ltr'>Samojutaess,</span> 
     </span>
    </p>
   </div>
   <div class='ocr_carea' id='block_1_5' title="bbox 603 800 2766 1475">
    <p class='ocr_par' dir='ltr' id='par_1_5' title="bbox 603 800 2766 1475">
     <span class='ocr_line' id='line_1_9' title="bbox 603 800 2764 916; baseline -0.003 -34"><span class='ocrx_word' id='word_1_61' title='bbox 603 811 1030 883; x_wconf 87' lang='lat' dir='ltr'>Sarmaticum</span> <span class='ocrx_word' id='word_1_62' title='bbox 1048 811 1274 902; x_wconf 83' lang='lat' dir='ltr'>’genus</span> <span class='ocrx_word' id='word_1_63' title='bbox 1339 829 1477 879; x_wconf 88' lang='lat' dir='ltr'>non</span> <span class='ocrx_word' id='word_1_64' title='bbox 1522 805 1750 877; x_wconf 87' lang='lat' dir='ltr'>colunt</span> <span class='ocrx_word' id='word_1_65' title='bbox 1791 859 1812 894; x_wconf 89' lang='lat'>,</span> <span class='ocrx_word' id='word_1_66' title='bbox 1875 803 1985 877; x_wconf 90' lang='lat' dir='ltr'>sed</span> <span class='ocrx_word' id='word_1_67' title='bbox 2028 827 2414 916; x_wconf 78' lang='lat' dir='ltr'>peragrant3</span> <span class='ocrx_word' id='word_1_68' title='bbox 2461 800 2764 878; x_wconf 86' lang='lat' dir='ltr'>adversus</span> 
     </span>
     <span class='ocr_line' id='line_1_10' title="bbox 603 898 2763 1000; baseline 0 -28"><span class='ocrx_word' id='word_1_69' title='bbox 603 904 1067 977; x_wconf 79' lang='lat' dir='ltr'>immanitatem</span> <span class='ocrx_word' id='word_1_70' title='bbox 1102 922 1369 995; x_wconf 90' lang='lat' dir='ltr'>quoque</span> <span class='ocrx_word' id='word_1_71' title='bbox 1399 919 1643 970; x_wconf 80' lang='lat' dir='ltr'>naturae</span> <span class='ocrx_word' id='word_1_72' title='bbox 1666 899 1913 971; x_wconf 86' lang='lat' dir='ltr'>&amp;coeli</span> <span class='ocrx_word' id='word_1_73' title='bbox 1950 922 2237 1000; x_wconf 75' lang='lat' dir='ltr'>urgentis</span> <span class='ocrx_word' id='word_1_74' title='bbox 2270 898 2443 999; x_wconf 88' lang='lat' dir='ltr'>ipsos</span> <span class='ocrx_word' id='word_1_75' title='bbox 2484 898 2763 979; x_wconf 87' lang='lat' dir='ltr'>animofi</span> 
     </span>
     <span class='ocr_line' id='line_1_11' title="bbox 607 991 2762 1093; baseline -0.002 -24"><span class='ocrx_word' id='word_1_76' title='bbox 607 1002 686 1068; x_wconf 89' lang='lat'>&amp;</span> <span class='ocrx_word' id='word_1_77' title='bbox 706 996 949 1068; x_wconf 88' lang='lat' dir='ltr'>felices.</span> <span class='ocrx_word' id='word_1_78' title='bbox 1018 996 1070 1064; x_wconf 83' lang='lat' dir='ltr'>F</span> <span class='ocrx_word' id='word_1_79' title='bbox 1073 994 1211 1065; x_wconf 90' lang='lat' dir='ltr'>oedi</span> <span class='ocrx_word' id='word_1_80' title='bbox 1230 991 1499 1088; x_wconf 90' lang='lat' dir='ltr'>quidem</span> <span class='ocrx_word' id='word_1_81' title='bbox 1516 993 1727 1067; x_wconf 88' lang='lat' dir='ltr'>vultus</span> <span class='ocrx_word' id='word_1_82' title='bbox 1748 994 1825 1064; x_wconf 74' lang='grc' dir='ltr'>δι’</span> <span class='ocrx_word' id='word_1_83' title='bbox 1841 992 2025 1067; x_wconf 90' lang='lat' dir='ltr'>fumo</span> <span class='ocrx_word' id='word_1_84' title='bbox 2044 997 2215 1093; x_wconf 81' lang='lat' dir='ltr'>nigri</span> <span class='ocrx_word' id='word_1_85' title='bbox 2240 1048 2263 1081; x_wconf 89' lang='lat'>‚</span> <span class='ocrx_word' id='word_1_86' title='bbox 2374 997 2500 1068; x_wconf 81' lang='lat' dir='ltr'>rvis</span> <span class='ocrx_word' id='word_1_87' title='bbox 2516 992 2762 1079; x_wconf 86' lang='lat' dir='ltr'>oculis,</span> 
     </span>
     <span class='ocr_line' id='line_1_12' title="bbox 606 1019 2765 1192; baseline -0.001 -32"><span class='ocrx_word' id='word_1_88' title='bbox 606 1087 829 1192; x_wconf 85' lang='lat' dir='ltr'>preffis</span> <span class='ocrx_word' id='word_1_89' title='bbox 864 1086 1168 1173; x_wconf 87' lang='lat' dir='ltr'>naribus;</span> <span class='ocrx_word' id='word_1_90' title='bbox 1219 1109 1429 1183; x_wconf 89' lang='lat' dir='ltr'>neque</span> <span class='ocrx_word' id='word_1_91' title='bbox 1469 1089 1752 1187; x_wconf 85' lang='lat' dir='ltr'>ingentia</span> <span class='ocrx_word' id='word_1_92' title='bbox 1785 1111 2065 1185; x_wconf 89' lang='lat' dir='ltr'>corpora</span> <span class='ocrx_word' id='word_1_93' title='bbox 2091 1143 2114 1176; x_wconf 89' lang='lat'>,</span> <span class='ocrx_word' id='word_1_94' title='bbox 2159 1086 2268 1160; x_wconf 89' lang='lat' dir='ltr'>sed</span> <span class='ocrx_word' id='word_1_95' title='bbox 2289 1019 2497 1161; x_wconf 57' lang='lat' dir='ltr'>ffimae</span> <span class='ocrx_word' id='word_1_96' title='bbox 2518 1086 2765 1160; x_wconf 84' lang='lat' dir='ltr'>valetu-</span> 
     </span>
     <span class='ocr_line' id='line_1_13' title="bbox 607 1178 2763 1280; baseline -0.002 -23"><span class='ocrx_word' id='word_1_97' title='bbox 607 1185 778 1256; x_wconf 83' lang='lat' dir='ltr'>dinis</span> <span class='ocrx_word' id='word_1_98' title='bbox 802 1235 826 1269; x_wconf 90' lang='lat'><strong>,</strong></span> <span class='ocrx_word' id='word_1_99' title='bbox 894 1185 971 1251; x_wconf 77' lang='grc' dir='ltr'>δε</span> <span class='ocrx_word' id='word_1_100' title='bbox 1018 1202 1087 1252; x_wconf 88' lang='lat' dir='ltr'>ut</span> <span class='ocrx_word' id='word_1_101' title='bbox 1121 1181 1351 1252; x_wconf 55' lang='lat' dir='ltr'>cuncta</span> <span class='ocrx_word' id='word_1_102' title='bbox 1392 1178 1531 1263; x_wconf 85' lang='lat' dir='ltr'>fere</span> <span class='ocrx_word' id='word_1_103' title='bbox 1575 1184 1930 1254; x_wconf 78' lang='lat' dir='ltr'>animantia</span> <span class='ocrx_word' id='word_1_104' title='bbox 1962 1185 2339 1280; x_wconf 82' lang='lat' dir='ltr'>pernicitate</span> <span class='ocrx_word' id='word_1_105' title='bbox 2385 1182 2599 1254; x_wconf 88' lang='lat' dir='ltr'>cursus</span> <span class='ocrx_word' id='word_1_106' title='bbox 2642 1178 2763 1268; x_wconf 82' lang='lat' dir='ltr'>ad-</span> 
     </span>
     <span class='ocr_line' id='line_1_14' title="bbox 609 1275 2765 1373; baseline -0 -25"><span class='ocrx_word' id='word_1_107' title='bbox 609 1296 893 1373; x_wconf 81' lang='lat' dir='ltr'>aequent.</span> <span class='ocrx_word' id='word_1_108' title='bbox 953 1275 1181 1346; x_wconf 83' lang='lat' dir='ltr'>Laetos</span> <span class='ocrx_word' id='word_1_109' title='bbox 1248 1298 1406 1347; x_wconf 88' lang='lat' dir='ltr'>arvo</span> <span class='ocrx_word' id='word_1_110' title='bbox 1421 1293 1488 1345; x_wconf 89' lang='lat' dir='ltr'>at</span> <span class='ocrx_word' id='word_1_111' title='bbox 1539 1299 1618 1347; x_wconf 91' lang='lat' dir='ltr'>ue</span> <span class='ocrx_word' id='word_1_112' title='bbox 1640 1276 1836 1373; x_wconf 86' lang='lat' dir='ltr'>agiles</span> <span class='ocrx_word' id='word_1_113' title='bbox 1854 1300 1991 1349; x_wconf 87' lang='lat' dir='ltr'>non</span> <span class='ocrx_word' id='word_1_114' title='bbox 2013 1276 2250 1349; x_wconf 85' lang='lat' dir='ltr'>delitiae</span> <span class='ocrx_word' id='word_1_115' title='bbox 2269 1295 2599 1363; x_wconf 84' lang='lat' dir='ltr'>enervant,</span> <span class='ocrx_word' id='word_1_116' title='bbox 2619 1298 2765 1347; x_wconf 88' lang='lat' dir='ltr'>non</span> 
     </span>
     <span class='ocr_line' id='line_1_15' title="bbox 611 1299 2766 1475; baseline -0.001 -32"><span class='ocrx_word' id='word_1_117' title='bbox 611 1394 770 1443; x_wconf 88' lang='lat' dir='ltr'>cura</span> <span class='ocrx_word' id='word_1_118' title='bbox 802 1382 1103 1442; x_wconf 79' lang='lat' dir='ltr'>macerat.</span> <span class='ocrx_word' id='word_1_119' title='bbox 1168 1299 1329 1475; x_wconf 46' lang='grc' dir='ltr'>(ἷξε</span> <span class='ocrx_word' id='word_1_120' title='bbox 1350 1368 1501 1466; x_wconf 90' lang='lat' dir='ltr'>pedi</span> <span class='ocrx_word' id='word_1_121' title='bbox 1550 1394 1626 1440; x_wconf 88' lang='lat' dir='ltr'>us</span> <span class='ocrx_word' id='word_1_122' title='bbox 1662 1367 1907 1440; x_wconf 84' lang='lat' dir='ltr'>inceffit</span> <span class='ocrx_word' id='word_1_123' title='bbox 1932 1423 1955 1457; x_wconf 87' lang='lat'>‚</span> <span class='ocrx_word' id='word_1_124' title='bbox 1996 1369 2185 1468; x_wconf 91' lang='lat' dir='ltr'>quod</span> <span class='ocrx_word' id='word_1_125' title='bbox 2206 1393 2400 1442; x_wconf 88' lang='lat' dir='ltr'>manu</span> <span class='ocrx_word' id='word_1_126' title='bbox 2423 1373 2645 1467; x_wconf 85' lang='lat' dir='ltr'>cepit,</span> <span class='ocrx_word' id='word_1_127' title='bbox 2691 1370 2766 1441; x_wconf 85' lang='lat' dir='ltr'>id</span> 
     </span>
    </p>
   </div>
   <div class='ocr_carea' id='block_1_6' title="bbox 529 1448 2768 1575">
    <p class='ocr_par' dir='ltr' id='par_1_6' title="bbox 529 1448 2768 1575">
     <span class='ocr_line' id='line_1_16' title="bbox 529 1448 2768 1575; baseline -0 -40"><span class='ocrx_word' id='word_1_128' title='bbox 529 1468 532 1469; x_wconf 46' lang='lat'><em>⁷</em></span> <span class='ocrx_word' id='word_1_129' title='bbox 608 1469 845 1575; x_wconf 75' lang='lat' dir='ltr'>cuique</span> <span class='ocrx_word' id='word_1_130' title='bbox 887 1458 1068 1534; x_wconf 92' lang='lat' dir='ltr'>suum</span> <span class='ocrx_word' id='word_1_131' title='bbox 1113 1461 1244 1549; x_wconf 85' lang='lat' dir='ltr'>est3</span> <span class='ocrx_word' id='word_1_132' title='bbox 1297 1466 1419 1534; x_wconf 85' lang='lat' dir='ltr'>nec</span> <span class='ocrx_word' id='word_1_133' title='bbox 1453 1448 1612 1534; x_wconf 77' lang='lat' dir='ltr'>alius</span> <span class='ocrx_word' id='word_1_134' title='bbox 1658 1460 2020 1559; x_wconf 85' lang='lat' dir='ltr'>poffidendi</span> <span class='ocrx_word' id='word_1_135' title='bbox 2052 1464 2202 1536; x_wconf 86' lang='lat' dir='ltr'>finis</span> <span class='ocrx_word' id='word_1_136' title='bbox 2226 1516 2248 1551; x_wconf 91' lang='lat'><strong>‚</strong></span> <span class='ocrx_word' id='word_1_137' title='bbox 2295 1486 2497 1561; x_wconf 85' lang='lat' dir='ltr'>quam</span> <span class='ocrx_word' id='word_1_138' title='bbox 2511 1487 2768 1536; x_wconf 77' lang='lat' dir='ltr'>animus</span> 
     </span>
    </p>
   </div>
   <div class='ocr_carea' id='block_1_7' title="bbox 597 1555 2776 4110">
    <p class='ocr_par' dir='ltr' id='par_1_7' title="bbox 605 1555 2769 1843">
     <span class='ocr_line' id='line_1_17' title="bbox 606 1555 2769 1657; baseline 0.002 -28"><span class='ocrx_word' id='word_1_139' title='bbox 606 1579 845 1657; x_wconf 77' lang='lat' dir='ltr'>paratis</span> <span class='ocrx_word' id='word_1_140' title='bbox 864 1576 1214 1631; x_wconf 84' lang='lat' dir='ltr'>contentus</span> <span class='ocrx_word' id='word_1_141' title='bbox 1237 1560 1312 1626; x_wconf 88' lang='lat'>&amp;</span> <span class='ocrx_word' id='word_1_142' title='bbox 1333 1555 1571 1629; x_wconf 82' lang='lat' dir='ltr'>obviis.</span> <span class='ocrx_word' id='word_1_143' title='bbox 1639 1560 1738 1628; x_wconf 88' lang='lat' dir='ltr'>Ita</span> <span class='ocrx_word' id='word_1_144' title='bbox 1755 1561 1975 1629; x_wconf 86' lang='lat' dir='ltr'>omnia</span> <span class='ocrx_word' id='word_1_145' title='bbox 1991 1559 2232 1632; x_wconf 86' lang='lat' dir='ltr'>habent</span> <span class='ocrx_word' id='word_1_146' title='bbox 2245 1562 2399 1656; x_wconf 88' lang='lat' dir='ltr'>quia</span> <span class='ocrx_word' id='word_1_147' title='bbox 2418 1558 2578 1630; x_wconf 88' lang='lat' dir='ltr'>nihil</span> <span class='ocrx_word' id='word_1_148' title='bbox 2602 1582 2769 1633; x_wconf 84' lang='lat' dir='ltr'>con-</span> 
     </span>
     <span class='ocr_line' id='line_1_18' title="bbox 605 1647 2764 1751; baseline 0 -27"><span class='ocrx_word' id='word_1_149' title='bbox 605 1650 971 1750; x_wconf 89' lang='lat' dir='ltr'>cupiscunt.</span> <span class='ocrx_word' id='word_1_150' title='bbox 1032 1651 1238 1725; x_wconf 85' lang='lat' dir='ltr'>Arma</span> <span class='ocrx_word' id='word_1_151' title='bbox 1279 1647 1426 1723; x_wconf 86' lang='lat' dir='ltr'>sane</span> <span class='ocrx_word' id='word_1_152' title='bbox 1449 1650 1830 1747; x_wconf 83' lang='lat' dir='ltr'>Scythicum</span> <span class='ocrx_word' id='word_1_153' title='bbox 1852 1653 2350 1750; x_wconf 83' lang='lat' dir='ltr'>Parthicumque</span> <span class='ocrx_word' id='word_1_154' title='bbox 2369 1655 2439 1724; x_wconf 89' lang='lat' dir='ltr'>in</span> <span class='ocrx_word' id='word_1_155' title='bbox 2457 1668 2713 1724; x_wconf 76' lang='lat' dir='ltr'>morem</span> <span class='ocrx_word' id='word_1_156' title='bbox 2728 1704 2764 1751; x_wconf 19' lang='lat'>⁹,</span> 
     </span>
     <span class='ocr_line' id='line_1_19' title="bbox 606 1741 2764 1843; baseline 0 -26"><span class='ocrx_word' id='word_1_157' title='bbox 606 1769 795 1817; x_wconf 89' lang='lat' dir='ltr'>arcus</span> <span class='ocrx_word' id='word_1_158' title='bbox 819 1797 841 1831; x_wconf 90' lang='lat'>,</span> <span class='ocrx_word' id='word_1_159' title='bbox 887 1744 1203 1843; x_wconf 78' lang='lat' dir='ltr'>pharetrae</span> <span class='ocrx_word' id='word_1_160' title='bbox 1222 1797 1244 1831; x_wconf 89' lang='lat'>,</span> <span class='ocrx_word' id='word_1_161' title='bbox 1279 1742 1389 1816; x_wconf 83' lang='lat' dir='ltr'>sed</span> <span class='ocrx_word' id='word_1_162' title='bbox 1407 1741 1705 1817; x_wconf 88' lang='lat' dir='ltr'>adversus</span> <span class='ocrx_word' id='word_1_163' title='bbox 1720 1742 1923 1816; x_wconf 87' lang='lat' dir='ltr'>feras:</span> <span class='ocrx_word' id='word_1_164' title='bbox 1976 1746 2061 1820; x_wconf 83' lang='lat' dir='ltr'>ab</span> <span class='ocrx_word' id='word_1_165' title='bbox 2081 1748 2180 1823; x_wconf 85' lang='lat' dir='ltr'>his</span> <span class='ocrx_word' id='word_1_166' title='bbox 2201 1745 2436 1820; x_wconf 84' lang='lat' dir='ltr'>vestem</span> <span class='ocrx_word' id='word_1_167' title='bbox 2455 1744 2715 1818; x_wconf 87' lang='lat' dir='ltr'>sumunt</span> <span class='ocrx_word' id='word_1_168' title='bbox 2738 1800 2764 1834; x_wconf 88' lang='lat'>,</span> 
     </span>
    </p>

    <p class='ocr_par' dir='ltr' id='par_1_8' title="bbox 597 1834 2772 2880">
     <span class='ocr_line' id='line_1_20' title="bbox 661 1834 2772 1938; baseline 0 -28"><span class='ocrx_word' id='word_1_169' title='bbox 661 1864 740 1919; x_wconf 82' lang='lat' dir='ltr'>ua</span> <span class='ocrx_word' id='word_1_170' title='bbox 759 1859 939 1912; x_wconf 89' lang='lat' dir='ltr'>totos</span> <span class='ocrx_word' id='word_1_171' title='bbox 957 1834 1019 1910; x_wconf 73' lang='lat' dir='ltr'>le</span> <span class='ocrx_word' id='word_1_172' title='bbox 1039 1858 1363 1938; x_wconf 84' lang='lat' dir='ltr'>caputque</span> <span class='ocrx_word' id='word_1_173' title='bbox 1383 1842 1459 1911; x_wconf 77' lang='grc' dir='ltr'>δε</span> <span class='ocrx_word' id='word_1_174' title='bbox 1476 1861 1699 1912; x_wconf 88' lang='lat' dir='ltr'>manus</span> <span class='ocrx_word' id='word_1_175' title='bbox 1720 1838 1988 1926; x_wconf 81' lang='lat' dir='ltr'>induant</span> <span class='ocrx_word' id='word_1_176' title='bbox 2011 1872 2036 1928; x_wconf 82' lang='lat'>3</span> <span class='ocrx_word' id='word_1_177' title='bbox 2079 1838 2163 1914; x_wconf 85' lang='lat' dir='ltr'>ab</span> <span class='ocrx_word' id='word_1_178' title='bbox 2180 1841 2280 1915; x_wconf 83' lang='lat' dir='ltr'>his</span> <span class='ocrx_word' id='word_1_179' title='bbox 2296 1840 2538 1913; x_wconf 61' lang='lat' dir='ltr'>vietum</span> <span class='ocrx_word' id='word_1_180' title='bbox 2570 1892 2591 1928; x_wconf 89' lang='lat'>,</span> <span class='ocrx_word' id='word_1_181' title='bbox 2616 1864 2772 1911; x_wconf 84' lang='lat' dir='ltr'>cru-</span> 
     </span>
     <span class='ocr_line' id='line_1_21' title="bbox 606 1863 2772 2030; baseline -0.001 -23"><span class='ocrx_word' id='word_1_182' title='bbox 606 1863 724 2007; x_wconf 57' lang='lat' dir='ltr'>das</span> <span class='ocrx_word' id='word_1_183' title='bbox 762 1956 986 2006; x_wconf 86' lang='lat' dir='ltr'>carnes</span> <span class='ocrx_word' id='word_1_184' title='bbox 1011 1985 1033 2018; x_wconf 90' lang='lat'>,</span> <span class='ocrx_word' id='word_1_185' title='bbox 1081 1932 1250 2005; x_wconf 87' lang='lat' dir='ltr'>velut</span> <span class='ocrx_word' id='word_1_186' title='bbox 1296 1932 1574 2030; x_wconf 80' lang='lat' dir='ltr'>amplexi</span> <span class='ocrx_word' id='word_1_187' title='bbox 1618 1951 1858 2004; x_wconf 82' lang='lat' dir='ltr'>naturae</span> <span class='ocrx_word' id='word_1_188' title='bbox 1903 1957 2191 2007; x_wconf 85' lang='lat' dir='ltr'>munera.</span> <span class='ocrx_word' id='word_1_189' title='bbox 2288 1933 2550 2007; x_wconf 77' lang='lat' dir='ltr'>Delitioe</span> <span class='ocrx_word' id='word_1_190' title='bbox 2592 1933 2772 2005; x_wconf 86' lang='lat' dir='ltr'>adeo</span> 
     </span>
     <span class='ocr_line' id='line_1_22' title="bbox 607 2021 2770 2128; baseline -0 -28"><span class='ocrx_word' id='word_1_191' title='bbox 607 2028 901 2115; x_wconf 83' lang='lat' dir='ltr'>nullae‚ut</span> <span class='ocrx_word' id='word_1_192' title='bbox 923 2029 1106 2124; x_wconf 89' lang='lat' dir='ltr'>panis</span> <span class='ocrx_word' id='word_1_193' title='bbox 1128 2049 1395 2123; x_wconf 89' lang='lat' dir='ltr'>quoque</span> <span class='ocrx_word' id='word_1_194' title='bbox 1416 2031 1490 2096; x_wconf 89' lang='lat'>&amp;</span> <span class='ocrx_word' id='word_1_195' title='bbox 1514 2021 1688 2098; x_wconf 74' lang='lat' dir='ltr'>ulum</span> <span class='ocrx_word' id='word_1_196' title='bbox 1713 2031 1787 2097; x_wconf 80' lang='grc' dir='ltr'>δε</span> <span class='ocrx_word' id='word_1_197' title='bbox 1808 2051 2050 2099; x_wconf 87' lang='lat' dir='ltr'>nomen</span> <span class='ocrx_word' id='word_1_198' title='bbox 2068 2032 2400 2128; x_wconf 84' lang='lat' dir='ltr'>ignorent.</span> <span class='ocrx_word' id='word_1_199' title='bbox 2439 2027 2520 2101; x_wconf 86' lang='lat' dir='ltr'>1d</span> <span class='ocrx_word' id='word_1_200' title='bbox 2539 2029 2770 2117; x_wconf 80' lang='lat' dir='ltr'>melius</span> 
     </span>
     <span class='ocr_line' id='line_1_23' title="bbox 609 2121 2768 2221; baseline 0 -29"><span class='ocrx_word' id='word_1_201' title='bbox 609 2123 1051 2217; x_wconf 50' lang='lat' dir='ltr'>arbitrantur}</span> <span class='ocrx_word' id='word_1_202' title='bbox 1071 2142 1268 2214; x_wconf 90' lang='lat' dir='ltr'>quam</span> <span class='ocrx_word' id='word_1_203' title='bbox 1289 2124 1536 2192; x_wconf 87' lang='lat' dir='ltr'>irritare</span> <span class='ocrx_word' id='word_1_204' title='bbox 1555 2124 1782 2207; x_wconf 88' lang='lat' dir='ltr'>maria,</span> <span class='ocrx_word' id='word_1_205' title='bbox 1800 2143 1997 2216; x_wconf 90' lang='lat' dir='ltr'>quam</span> <span class='ocrx_word' id='word_1_206' title='bbox 2018 2143 2324 2221; x_wconf 86' lang='lat' dir='ltr'>negantes</span> <span class='ocrx_word' id='word_1_207' title='bbox 2346 2121 2461 2193; x_wconf 80' lang='lat' dir='ltr'>fati</span> <span class='ocrx_word' id='word_1_208' title='bbox 2636 2143 2768 2193; x_wconf 91' lang='lat' dir='ltr'>ter-</span> 
     </span>
     <span class='ocr_line' id='line_1_24' title="bbox 610 2212 2769 2311; baseline 0.001 -26"><span class='ocrx_word' id='word_1_209' title='bbox 610 2239 716 2285; x_wconf 85' lang='lat' dir='ltr'>ras</span> <span class='ocrx_word' id='word_1_210' title='bbox 740 2253 774 2302; x_wconf 89' lang='lat'>,-</span> <span class='ocrx_word' id='word_1_211' title='bbox 790 2219 865 2284; x_wconf 89' lang='lat'>&amp;</span> <span class='ocrx_word' id='word_1_212' title='bbox 885 2221 954 2285; x_wconf 90' lang='lat' dir='ltr'>in</span> <span class='ocrx_word' id='word_1_213' title='bbox 976 2212 1238 2284; x_wconf 87' lang='lat' dir='ltr'>ulterius</span> <span class='ocrx_word' id='word_1_214' title='bbox 1257 2212 1510 2310; x_wconf 77' lang='lat' dir='ltr'>semper</span> <span class='ocrx_word' id='word_1_215' title='bbox 1532 2233 1683 2295; x_wconf 83' lang='lat' dir='ltr'>vota</span> <span class='ocrx_word' id='word_1_216' title='bbox 1703 2218 2086 2311; x_wconf 85' lang='lat' dir='ltr'>promittere</span> <span class='ocrx_word' id='word_1_217' title='bbox 2113 2271 2134 2303; x_wconf 91' lang='lat'>‚</span> <span class='ocrx_word' id='word_1_218' title='bbox 2155 2214 2438 2290; x_wconf 74' lang='lat' dir='ltr'>infenibs</span> <span class='ocrx_word' id='word_1_219' title='bbox 2517 2221 2591 2289; x_wconf 87' lang='lat' dir='ltr'>iis</span> <span class='ocrx_word' id='word_1_220' title='bbox 2610 2269 2631 2302; x_wconf 84' lang='lat'>,</span> <span class='ocrx_word' id='word_1_221' title='bbox 2663 2220 2769 2287; x_wconf 85' lang='lat' dir='ltr'>in-</span> 
     </span>
     <span class='ocr_line' id='line_1_25' title="bbox 597 2307 2769 2404; baseline 0 -24"><span class='ocrx_word' id='word_1_222' title='bbox 597 2307 830 2394; x_wconf 32' lang='lat' dir='ltr'>·fensos</span> <span class='ocrx_word' id='word_1_223' title='bbox 846 2307 982 2384; x_wconf 83' lang='lat' dir='ltr'>fibi.</span> <span class='ocrx_word' id='word_1_224' title='bbox 1048 2309 1272 2404; x_wconf 87' lang='lat' dir='ltr'>Atque</span> <span class='ocrx_word' id='word_1_225' title='bbox 1288 2308 1456 2379; x_wconf 82' lang='lat' dir='ltr'>adeo</span> <span class='ocrx_word' id='word_1_226' title='bbox 1468 2330 1794 2396; x_wconf 66' lang='lat' dir='ltr'>noverunt</span> <span class='ocrx_word' id='word_1_227' title='bbox 1811 2330 1978 2383; x_wconf 86' lang='lat' dir='ltr'>rates</span> <span class='ocrx_word' id='word_1_228' title='bbox 2000 2365 2023 2398; x_wconf 88' lang='lat'>‚</span> <span class='ocrx_word' id='word_1_229' title='bbox 2043 2337 2177 2384; x_wconf 90' lang='lat' dir='ltr'>non</span> <span class='ocrx_word' id='word_1_230' title='bbox 2192 2316 2526 2385; x_wconf 84' lang='lat' dir='ltr'>imitantur</span> <span class='ocrx_word' id='word_1_231' title='bbox 2551 2335 2571 2380; x_wconf 90' lang='lat'>:</span> <span class='ocrx_word' id='word_1_232' title='bbox 2615 2308 2769 2388; x_wconf 68' lang='lat' dir='ltr'>filo-</span> 
     </span>
     <span class='ocr_line' id='line_1_26' title="bbox 614 2399 2769 2502; baseline 0.002 -29"><span class='ocrx_word' id='word_1_233' title='bbox 614 2425 749 2498; x_wconf 89' lang='lat' dir='ltr'>que</span> <span class='ocrx_word' id='word_1_234' title='bbox 769 2399 830 2473; x_wconf 89' lang='lat' dir='ltr'>se</span> <span class='ocrx_word' id='word_1_235' title='bbox 849 2421 1073 2474; x_wconf 91' lang='lat' dir='ltr'>tenent</span> <span class='ocrx_word' id='word_1_236' title='bbox 1089 2400 1311 2472; x_wconf 88' lang='lat' dir='ltr'>littore</span> <span class='ocrx_word' id='word_1_237' title='bbox 1332 2455 1352 2487; x_wconf 92' lang='lat'>,</span> <span class='ocrx_word' id='word_1_238' title='bbox 1390 2401 1504 2488; x_wconf 57' lang='lat' dir='ltr'>nisi</span> <span class='ocrx_word' id='word_1_239' title='bbox 1524 2423 1841 2499; x_wconf 79' lang='lat' dir='ltr'>quatenus</span> <span class='ocrx_word' id='word_1_240' title='bbox 1861 2402 2101 2479; x_wconf 68' lang='lat' dir='ltr'>diversa</span> <span class='ocrx_word' id='word_1_241' title='bbox 2120 2405 2437 2490; x_wconf 64' lang='lat' dir='ltr'>elementa</span> <span class='ocrx_word' id='word_1_242' title='bbox 2453 2403 2605 2502; x_wconf 85' lang='lat' dir='ltr'>gelu</span> <span class='ocrx_word' id='word_1_243' title='bbox 2623 2458 2645 2490; x_wconf 87' lang='lat'>,</span> <span class='ocrx_word' id='word_1_244' title='bbox 2659 2427 2769 2477; x_wconf 82' lang='lat' dir='ltr'>ve-</span> 
     </span>
     <span class='ocr_line' id='line_1_27' title="bbox 615 2494 2767 2597; baseline 0 -28"><span class='ocrx_word' id='word_1_245' title='bbox 615 2498 716 2569; x_wconf 90' lang='lat' dir='ltr'>lut</span> <span class='ocrx_word' id='word_1_246' title='bbox 734 2494 977 2569; x_wconf 86' lang='lat' dir='ltr'>coelesti</span> <span class='ocrx_word' id='word_1_247' title='bbox 1014 2520 1060 2566; x_wconf 94' lang='lat' dir='ltr'>o</span> <span class='ocrx_word' id='word_1_248' title='bbox 1168 2548 1189 2580; x_wconf 85' lang='lat'>‚</span> <span class='ocrx_word' id='word_1_249' title='bbox 1236 2498 1557 2567; x_wconf 87' lang='lat' dir='ltr'>coierunt.</span> <span class='ocrx_word' id='word_1_250' title='bbox 1624 2499 1736 2570; x_wconf 91' lang='lat' dir='ltr'>Sic</span> <span class='ocrx_word' id='word_1_251' title='bbox 1752 2519 1910 2571; x_wconf 87' lang='lat' dir='ltr'>eunt</span> <span class='ocrx_word' id='word_1_252' title='bbox 1950 2498 2355 2597; x_wconf 89' lang='lat' dir='ltr'>redeuntque</span> <span class='ocrx_word' id='word_1_253' title='bbox 2376 2523 2527 2570; x_wconf 90' lang='lat' dir='ltr'>cum</span> <span class='ocrx_word' id='word_1_254' title='bbox 2561 2498 2767 2569; x_wconf 84' lang='lat' dir='ltr'>Vadi-</span> 
     </span>
     <span class='ocr_line' id='line_1_28' title="bbox 613 2584 2767 2693; baseline 0 -30"><span class='ocrx_word' id='word_1_255' title='bbox 613 2591 880 2689; x_wconf 77' lang='lat' dir='ltr'>gatham</span> <span class='ocrx_word' id='word_1_256' title='bbox 922 2593 996 2659; x_wconf 74' lang='grc' dir='ltr'>δε</span> <span class='ocrx_word' id='word_1_257' title='bbox 1081 2587 1360 2661; x_wconf 86' lang='lat' dir='ltr'>emblam</span> <span class='ocrx_word' id='word_1_258' title='bbox 1385 2642 1406 2673; x_wconf 91' lang='lat'>‚</span> <span class='ocrx_word' id='word_1_259' title='bbox 1452 2584 1701 2664; x_wconf 86' lang='lat' dir='ltr'>deserta·</span> <span class='ocrx_word' id='word_1_260' title='bbox 1720 2592 2009 2690; x_wconf 89' lang='lat' dir='ltr'>alioquin</span> <span class='ocrx_word' id='word_1_261' title='bbox 2031 2647 2053 2681; x_wconf 89' lang='lat'>,</span> <span class='ocrx_word' id='word_1_262' title='bbox 2097 2592 2305 2693; x_wconf 90' lang='lat' dir='ltr'>longo</span> <span class='ocrx_word' id='word_1_263' title='bbox 2327 2613 2559 2667; x_wconf 89' lang='lat' dir='ltr'>venatu</span> <span class='ocrx_word' id='word_1_264' title='bbox 2596 2590 2767 2664; x_wconf 86' lang='lat' dir='ltr'>scru-</span> 
     </span>
     <span class='ocr_line' id='line_1_29' title="bbox 611 2679 2767 2786; baseline 0.001 -31"><span class='ocrx_word' id='word_1_265' title='bbox 611 2704 852 2755; x_wconf 86' lang='lat' dir='ltr'>tantur.</span> <span class='ocrx_word' id='word_1_266' title='bbox 919 2679 1157 2758; x_wconf 85' lang='lat' dir='ltr'>Insulas</span> <span class='ocrx_word' id='word_1_267' title='bbox 1175 2682 1288 2754; x_wconf 82' lang='lat' dir='ltr'>has</span> <span class='ocrx_word' id='word_1_268' title='bbox 1319 2680 1446 2753; x_wconf 77' lang='lat' dir='ltr'>effe</span> <span class='ocrx_word' id='word_1_269' title='bbox 1468 2683 1626 2756; x_wconf 81' lang='lat' dir='ltr'>duas</span> <span class='ocrx_word' id='word_1_270' title='bbox 1646 2737 1669 2770; x_wconf 88' lang='lat'>‚</span> <span class='ocrx_word' id='word_1_271' title='bbox 1706 2709 1919 2783; x_wconf 88' lang='lat' dir='ltr'>neque</span> <span class='ocrx_word' id='word_1_272' title='bbox 1962 2710 2203 2786; x_wconf 77' lang='lat' dir='ltr'>magno</span> <span class='ocrx_word' id='word_1_273' title='bbox 2223 2686 2517 2760; x_wconf 85' lang='lat' dir='ltr'>aestuario</span> <span class='ocrx_word' id='word_1_274' title='bbox 2551 2684 2767 2761; x_wconf 84' lang='lat' dir='ltr'>divelli</span> 
     </span>
     <span class='ocr_line' id='line_1_30' title="bbox 610 2774 2766 2880; baseline 0.002 -33"><span class='ocrx_word' id='word_1_275' title='bbox 610 2776 1139 2871; x_wconf 88' lang='lat' dir='ltr'>pronuntiabant.</span> <span class='ocrx_word' id='word_1_276' title='bbox 1212 2774 1316 2848; x_wconf 91' lang='lat' dir='ltr'>Ibi</span> <span class='ocrx_word' id='word_1_277' title='bbox 1346 2775 1609 2873; x_wconf 89' lang='lat' dir='ltr'>longius</span> <span class='ocrx_word' id='word_1_278' title='bbox 1632 2831 1653 2864; x_wconf 88' lang='lat'><strong>,</strong></span> <span class='ocrx_word' id='word_1_279' title='bbox 1700 2803 1897 2877; x_wconf 89' lang='lat' dir='ltr'>quam</span> <span class='ocrx_word' id='word_1_280' title='bbox 1931 2802 2173 2854; x_wconf 87' lang='lat' dir='ltr'>norunt</span> <span class='ocrx_word' id='word_1_281' title='bbox 2192 2782 2349 2880; x_wconf 66' lang='lat' dir='ltr'>ipfi,</span> <span class='ocrx_word' id='word_1_282' title='bbox 2402 2785 2722 2879; x_wconf 85' lang='lat' dir='ltr'>imperant</span> <span class='ocrx_word' id='word_1_283' title='bbox 2743 2835 2766 2868; x_wconf 89' lang='lat'><strong>,</strong></span> 
     </span>
    </p>

    <p class='ocr_par' dir='ltr' id='par_1_9' title="bbox 605 2865 2776 4110">
     <span class='ocr_line' id='line_1_31' title="bbox 663 2865 2770 2971; baseline 0.002 -29"><span class='ocrx_word' id='word_1_284' title='bbox 663 2876 765 2944; x_wconf 87' lang='lat' dir='ltr'>uia</span> <span class='ocrx_word' id='word_1_285' title='bbox 789 2892 1018 2971; x_wconf 72' lang='lat' dir='ltr'>praeter</span> <span class='ocrx_word' id='word_1_286' title='bbox 1037 2865 1412 2944; x_wconf 86' lang='lat' dir='ltr'>solitudines</span> <span class='ocrx_word' id='word_1_287' title='bbox 1430 2875 1505 2941; x_wconf 73' lang='grc' dir='ltr'>δι</span> <span class='ocrx_word' id='word_1_288' title='bbox 1540 2869 1886 2968; x_wconf 71' lang='lat' dir='ltr'>ferasnihil</span> <span class='ocrx_word' id='word_1_289' title='bbox 1923 2877 2087 2950; x_wconf 90' lang='lat' dir='ltr'>ultra</span> <span class='ocrx_word' id='word_1_290' title='bbox 2104 2875 2222 2950; x_wconf 86' lang='lat' dir='ltr'>est.</span> <span class='ocrx_word' id='word_1_291' title='bbox 2291 2876 2530 2949; x_wconf 84' lang='lat' dir='ltr'>Videre</span> <span class='ocrx_word' id='word_1_292' title='bbox 2558 2894 2770 2947; x_wconf 68' lang='lat' dir='ltr'>naute</span> 
     </span>
     <span class='ocr_line' id='line_1_32' title="bbox 607 2895 2768 3067; baseline 0.001 -29"><span class='ocrx_word' id='word_1_293' title='bbox 607 2895 897 3056; x_wconf 45' lang='lat' dir='ltr'>n{cundo</span> <span class='ocrx_word' id='word_1_294' title='bbox 929 2968 1161 3037; x_wconf 87' lang='lat' dir='ltr'>itinere</span> <span class='ocrx_word' id='word_1_295' title='bbox 1182 3019 1207 3058; x_wconf 85' lang='lat'>,</span> <span class='ocrx_word' id='word_1_296' title='bbox 1243 2962 1462 3060; x_wconf 82' lang='lat' dir='ltr'>quise</span> <span class='ocrx_word' id='word_1_297' title='bbox 1503 2969 1709 3063; x_wconf 88' lang='lat' dir='ltr'>princi</span> <span class='ocrx_word' id='word_1_298' title='bbox 1759 2992 1864 3040; x_wconf 91' lang='lat' dir='ltr'>em</span> <span class='ocrx_word' id='word_1_299' title='bbox 1907 2975 2201 3043; x_wconf 91' lang='lat' dir='ltr'>omnium</span> <span class='ocrx_word' id='word_1_300' title='bbox 2220 2994 2440 3042; x_wconf 83' lang='lat' dir='ltr'>earum</span> <span class='ocrx_word' id='word_1_301' title='bbox 2471 2973 2768 3067; x_wconf 80' lang='lat' dir='ltr'>gentium</span> 
     </span>
     <span class='ocr_line' id='line_1_33' title="bbox 612 3058 2769 3163; baseline 0.004 -33"><span class='ocrx_word' id='word_1_302' title='bbox 612 3058 961 3134; x_wconf 86' lang='lat' dir='ltr'>ostentaret</span> <span class='ocrx_word' id='word_1_303' title='bbox 995 3082 1015 3128; x_wconf 75' lang='grc' dir='ltr'><strong><em>ε</em></strong></span> <span class='ocrx_word' id='word_1_304' title='bbox 1073 3059 1407 3134; x_wconf 86' lang='lat' dir='ltr'>hominem</span> <span class='ocrx_word' id='word_1_305' title='bbox 1444 3059 1593 3133; x_wconf 80' lang='lat' dir='ltr'>non‘</span> <span class='ocrx_word' id='word_1_306' title='bbox 1626 3087 1665 3134; x_wconf 91' lang='lat' dir='ltr'>c</span> <span class='ocrx_word' id='word_1_307' title='bbox 1730 3084 1800 3134; x_wconf 90' lang='lat' dir='ltr'>tu</span> <span class='ocrx_word' id='word_1_308' title='bbox 1826 3063 1974 3146; x_wconf 63' lang='lat' dir='ltr'>ullo</span> <span class='ocrx_word' id='word_1_309' title='bbox 1998 3119 2020 3151; x_wconf 89' lang='lat'>,</span> <span class='ocrx_word' id='word_1_310' title='bbox 2066 3088 2204 3137; x_wconf 92' lang='lat' dir='ltr'>non</span> <span class='ocrx_word' id='word_1_311' title='bbox 2236 3063 2561 3163; x_wconf 78' lang='lat' dir='ltr'>majestate</span> <span class='ocrx_word' id='word_1_312' title='bbox 2587 3116 2611 3150; x_wconf 82' lang='lat'><strong>,</strong></span> <span class='ocrx_word' id='word_1_313' title='bbox 2653 3063 2769 3137; x_wconf 78' lang='lat' dir='ltr'>nifi</span> 
     </span>
     <span class='ocr_line' id='line_1_34' title="bbox 612 3151 2769 3256; baseline 0 -28"><span class='ocrx_word' id='word_1_314' title='bbox 612 3151 955 3252; x_wconf 64' lang='lat' dir='ltr'>senethms</span> <span class='ocrx_word' id='word_1_315' title='bbox 976 3208 996 3240; x_wconf 89' lang='lat'><strong>,</strong></span> <span class='ocrx_word' id='word_1_316' title='bbox 1043 3154 1380 3251; x_wconf 83' lang='lat' dir='ltr'>infignem.</span> <span class='ocrx_word' id='word_1_317' title='bbox 1447 3156 1630 3242; x_wconf 81' lang='lat' dir='ltr'>Nam</span> <span class='ocrx_word' id='word_1_318' title='bbox 1674 3181 1712 3227; x_wconf 88' lang='lat' dir='ltr'>a</span> <span class='ocrx_word' id='word_1_319' title='bbox 1752 3156 2038 3232; x_wconf 89' lang='lat' dir='ltr'>Moscho</span> <span class='ocrx_word' id='word_1_320' title='bbox 2060 3212 2084 3246; x_wconf 90' lang='lat'><strong>,</strong></span> <span class='ocrx_word' id='word_1_321' title='bbox 2127 3161 2308 3253; x_wconf 84' lang='lat' dir='ltr'>cujus</span> <span class='ocrx_word' id='word_1_322' title='bbox 2342 3159 2597 3256; x_wconf 90' lang='lat' dir='ltr'>aliquot</span> <span class='ocrx_word' id='word_1_323' title='bbox 2633 3160 2769 3256; x_wconf 86' lang='lat' dir='ltr'>jam</span> 
     </span>
     <span class='ocr_line' id='line_1_35' title="bbox 610 3247 2771 3347; baseline 0.003 -26"><span class='ocrx_word' id='word_1_324' title='bbox 610 3247 857 3322; x_wconf 82' lang='lat' dir='ltr'>saeculis</span> <span class='ocrx_word' id='word_1_325' title='bbox 893 3249 1077 3320; x_wconf 64' lang='lat' dir='ltr'>aucta</span> <span class='ocrx_word' id='word_1_326' title='bbox 1113 3248 1479 3346; x_wconf 79' lang='lat' dir='ltr'>dominatio</span> <span class='ocrx_word' id='word_1_327' title='bbox 1521 3268 1775 3347; x_wconf 87' lang='lat' dir='ltr'>tergum</span> <span class='ocrx_word' id='word_1_328' title='bbox 1811 3275 1887 3323; x_wconf 88' lang='lat' dir='ltr'>ac</span> <span class='ocrx_word' id='word_1_329' title='bbox 1905 3252 2101 3324; x_wconf 84' lang='lat' dir='ltr'>latera</span> <span class='ocrx_word' id='word_1_330' title='bbox 2132 3257 2553 3330; x_wconf 85' lang='lat' dir='ltr'>circumvenit</span> <span class='ocrx_word' id='word_1_331' title='bbox 2579 3306 2602 3340; x_wconf 91' lang='lat'>,</span> <span class='ocrx_word' id='word_1_332' title='bbox 2647 3255 2771 3328; x_wconf 78' lang='lat' dir='ltr'>Ri-</span> 
     </span>
     <span class='ocr_line' id='line_1_36' title="bbox 605 3341 2770 3446; baseline 0.002 -31"><span class='ocrx_word' id='word_1_333' title='bbox 605 3435 608 3438; x_wconf 7' lang='grc' dir='ltr'><em>γ</em></span> <span class='ocrx_word' id='word_1_334' title='bbox 667 3343 786 3415; x_wconf 87' lang='lat' dir='ltr'>haei</span> <span class='ocrx_word' id='word_1_335' title='bbox 810 3398 831 3430; x_wconf 89' lang='lat'><strong>,</strong></span> <span class='ocrx_word' id='word_1_336' title='bbox 878 3362 950 3416; x_wconf 88' lang='lat' dir='ltr'>ut</span> <span class='ocrx_word' id='word_1_337' title='bbox 984 3341 1268 3428; x_wconf 82' lang='lat' dir='ltr'>creditur</span> <span class='ocrx_word' id='word_1_338' title='bbox 1288 3394 1310 3430; x_wconf 92' lang='lat'>,</span> <span class='ocrx_word' id='word_1_339' title='bbox 1360 3361 1619 3415; x_wconf 89' lang='lat' dir='ltr'>montes</span> <span class='ocrx_word' id='word_1_340' title='bbox 1641 3344 1898 3422; x_wconf 88' lang='lat' dir='ltr'>nivibus</span> <span class='ocrx_word' id='word_1_341' title='bbox 1940 3347 2231 3420; x_wconf 85' lang='lat' dir='ltr'>inacceffi</span> <span class='ocrx_word' id='word_1_342' title='bbox 2251 3402 2275 3437; x_wconf 86' lang='lat'>‚</span> <span class='ocrx_word' id='word_1_343' title='bbox 2379 3372 2499 3420; x_wconf 88' lang='lat' dir='ltr'>uos</span> <span class='ocrx_word' id='word_1_344' title='bbox 2534 3351 2770 3446; x_wconf 85' lang='lat' dir='ltr'>cingu-</span> 
     </span>
     <span class='ocr_line' id='line_1_37' title="bbox 640 3433 2771 3539; baseline 0.002 -31"><span class='ocrx_word' id='word_1_345' title='bbox 640 3462 749 3508; x_wconf 85' lang='lat' dir='ltr'>um</span> <span class='ocrx_word' id='word_1_346' title='bbox 779 3458 962 3508; x_wconf 81' lang='lat' dir='ltr'>terrae</span> <span class='ocrx_word' id='word_1_347' title='bbox 997 3439 1219 3509; x_wconf 88' lang='lat' dir='ltr'>dixere</span> <span class='ocrx_word' id='word_1_348' title='bbox 1240 3491 1263 3524; x_wconf 89' lang='lat'><strong>,</strong></span> <span class='ocrx_word' id='word_1_349' title='bbox 1313 3439 1390 3506; x_wconf 75' lang='grc' dir='ltr'>δε</span> <span class='ocrx_word' id='word_1_350' title='bbox 1411 3433 1518 3508; x_wconf 85' lang='lat' dir='ltr'>sua</span> <span class='ocrx_word' id='word_1_351' title='bbox 1535 3436 1680 3513; x_wconf 91' lang='lat' dir='ltr'>illos</span> <span class='ocrx_word' id='word_1_352' title='bbox 1711 3442 1935 3539; x_wconf 89' lang='lat' dir='ltr'>inopia</span> <span class='ocrx_word' id='word_1_353' title='bbox 1969 3439 2285 3515; x_wconf 85' lang='lat' dir='ltr'>defendit.</span> <span class='ocrx_word' id='word_1_354' title='bbox 2409 3445 2646 3514; x_wconf 86' lang='lat' dir='ltr'>roximi</span> <span class='ocrx_word' id='word_1_355' title='bbox 2673 3443 2771 3512; x_wconf 73' lang='lat' dir='ltr'>ta-</span> 
     </span>
     <span class='ocr_line' id='line_1_38' title="bbox 612 3529 2774 3626; baseline 0.002 -26"><span class='ocrx_word' id='word_1_356' title='bbox 612 3554 765 3600; x_wconf 88' lang='lat' dir='ltr'>men</span> <span class='ocrx_word' id='word_1_357' title='bbox 803 3530 1116 3603; x_wconf 89' lang='lat' dir='ltr'>tributum</span> <span class='ocrx_word' id='word_1_358' title='bbox 1138 3529 1426 3626; x_wconf 88' lang='lat' dir='ltr'>pendunt</span> <span class='ocrx_word' id='word_1_359' title='bbox 1444 3583 1467 3618; x_wconf 91' lang='lat'><strong>‚</strong></span> <span class='ocrx_word' id='word_1_360' title='bbox 1517 3531 1712 3626; x_wconf 85' lang='lat' dir='ltr'>pelles</span> <span class='ocrx_word' id='word_1_361' title='bbox 1754 3531 1991 3607; x_wconf 87' lang='lat' dir='ltr'>ferinas</span> <span class='ocrx_word' id='word_1_362' title='bbox 2011 3589 2032 3623; x_wconf 86' lang='lat'>‚</span> <span class='ocrx_word' id='word_1_363' title='bbox 2081 3559 2204 3610; x_wconf 88' lang='lat' dir='ltr'>nec</span> <span class='ocrx_word' id='word_1_364' title='bbox 2222 3540 2397 3612; x_wconf 89' lang='lat' dir='ltr'>enim</span> <span class='ocrx_word' id='word_1_365' title='bbox 2434 3535 2612 3608; x_wconf 87' lang='lat' dir='ltr'>aliud</span> <span class='ocrx_word' id='word_1_366' title='bbox 2650 3536 2774 3606; x_wconf 86' lang='lat' dir='ltr'>ha-</span> 
     </span>
     <span class='ocr_line' id='line_1_39' title="bbox 611 3622 2771 3728; baseline 0.003 -34"><span class='ocrx_word' id='word_1_367' title='bbox 611 3622 817 3711; x_wconf 87' lang='lat' dir='ltr'>bent,</span> <span class='ocrx_word' id='word_1_368' title='bbox 864 3647 966 3693; x_wconf 88' lang='lat' dir='ltr'>ma</span> <span class='ocrx_word' id='word_1_369' title='bbox 1019 3629 1032 3640; x_wconf 85' lang='lat'><strong><em>&#39;</em></strong></span> <span class='ocrx_word' id='word_1_370' title='bbox 1073 3648 1197 3720; x_wconf 88' lang='lat' dir='ltr'>quc</span> <span class='ocrx_word' id='word_1_371' title='bbox 1232 3623 1383 3696; x_wconf 89' lang='lat' dir='ltr'>belli</span> <span class='ocrx_word' id='word_1_372' title='bbox 1429 3622 1596 3697; x_wconf 91' lang='lat' dir='ltr'>odio</span> <span class='ocrx_word' id='word_1_373' title='bbox 1620 3650 1830 3724; x_wconf 80' lang='lat' dir='ltr'>quam</span> <span class='ocrx_word' id='word_1_374' title='bbox 1850 3650 2053 3703; x_wconf 85' lang='lat' dir='ltr'>metu.</span> <span class='ocrx_word' id='word_1_375' title='bbox 2120 3632 2533 3728; x_wconf 78' lang='lat' dir='ltr'>Samojutiae,</span> <span class='ocrx_word' id='word_1_376' title='bbox 2576 3631 2771 3702; x_wconf 86' lang='lat' dir='ltr'>Sem-</span> 
     </span>
     <span class='ocr_line' id='line_1_40' title="bbox 613 3647 2775 3824; baseline 0.003 -37"><span class='ocrx_word' id='word_1_377' title='bbox 613 3714 742 3787; x_wconf 81' lang='lat' dir='ltr'>blae</span> <span class='ocrx_word' id='word_1_378' title='bbox 765 3769 787 3800; x_wconf 89' lang='lat'>,</span> <span class='ocrx_word' id='word_1_379' title='bbox 836 3647 1214 3824; x_wconf 58' lang='lat' dir='ltr'>Yatffgathae</span> <span class='ocrx_word' id='word_1_380' title='bbox 1266 3716 1539 3790; x_wconf 78' lang='lat' dir='ltr'>litorum</span> <span class='ocrx_word' id='word_1_381' title='bbox 1628 3747 1706 3824; x_wconf 84' lang='lat' dir='ltr'>ro</span> <span class='ocrx_word' id='word_1_382' title='bbox 1834 3723 2061 3798; x_wconf 87' lang='lat' dir='ltr'>eadem</span> <span class='ocrx_word' id='word_1_383' title='bbox 2093 3722 2296 3799; x_wconf 76' lang='lat' dir='ltr'>facies</span> <span class='ocrx_word' id='word_1_384' title='bbox 2315 3780 2342 3813; x_wconf 86' lang='lat'><strong>‚</strong></span> <span class='ocrx_word' id='word_1_385' title='bbox 2387 3747 2624 3821; x_wconf 85' lang='lat' dir='ltr'>anceps</span> <span class='ocrx_word' id='word_1_386' title='bbox 2676 3727 2775 3795; x_wconf 83' lang='lat' dir='ltr'>in-</span> 
     </span>
     <span class='ocr_line' id='line_1_41' title="bbox 617 3806 2771 3894; baseline 0.004 -15"><span class='ocrx_word' id='word_1_387' title='bbox 617 3806 868 3879; x_wconf 84' lang='lat' dir='ltr'>terdum</span> <span class='ocrx_word' id='word_1_388' title='bbox 906 3835 980 3882; x_wconf 89' lang='lat' dir='ltr'>ru</span> <span class='ocrx_word' id='word_1_389' title='bbox 1031 3810 1173 3882; x_wconf 74' lang='lat' dir='ltr'>ibus</span> <span class='ocrx_word' id='word_1_390' title='bbox 1199 3813 1468 3885; x_wconf 81' lang='lat' dir='ltr'>&amp;vadis</span> <span class='ocrx_word' id='word_1_391' title='bbox 1507 3814 1586 3885; x_wconf 87' lang='lat' dir='ltr'>ali</span> <span class='ocrx_word' id='word_1_392' title='bbox 1637 3819 1661 3886; x_wconf 89' lang='lat' dir='ltr'>i</span> <span class='ocrx_word' id='word_1_393' title='bbox 1746 3842 1889 3891; x_wconf 86' lang='lat' dir='ltr'>ana.</span> <span class='ocrx_word' id='word_1_394' title='bbox 1962 3822 2223 3894; x_wconf 88' lang='lat' dir='ltr'>Humus</span> <span class='ocrx_word' id='word_1_395' title='bbox 2261 3815 2657 3893; x_wconf 68' lang='lat' dir='ltr'>ibimuscoia</span> <span class='ocrx_word' id='word_1_396' title='bbox 2695 3822 2771 3887; x_wconf 79' lang='grc' dir='ltr'>δε</span> 
     </span>
     <span class='ocr_line' id='line_1_42' title="bbox 619 3897 2773 4012; baseline 0.004 -36"><span class='ocrx_word' id='word_1_397' title='bbox 619 3901 932 4005; x_wconf 86' lang='lat' dir='ltr'>palustris,</span> <span class='ocrx_word' id='word_1_398' title='bbox 1011 3907 1102 3978; x_wconf 81' lang='lat' dir='ltr'>vis</span> <span class='ocrx_word' id='word_1_399' title='bbox 1118 3903 1424 4003; x_wconf 86' lang='lat' dir='ltr'>nusquam</span> <span class='ocrx_word' id='word_1_400' title='bbox 1439 3909 1667 3986; x_wconf 85' lang='lat' dir='ltr'>horret</span> <span class='ocrx_word' id='word_1_401' title='bbox 1690 3934 1709 3980; x_wconf 75' lang='grc' dir='ltr'>ε</span> <span class='ocrx_word' id='word_1_402' title='bbox 1735 3915 1980 4011; x_wconf 83' lang='lat' dir='ltr'>ignotae</span> <span class='ocrx_word' id='word_1_403' title='bbox 1996 3897 2196 4004; x_wconf 74' lang='lat' dir='ltr'>enim,</span> <span class='ocrx_word' id='word_1_404' title='bbox 2223 3919 2299 3988; x_wconf 74' lang='grc' dir='ltr'>δε</span> <span class='ocrx_word' id='word_1_405' title='bbox 2316 3913 2604 4012; x_wconf 85' lang='lat' dir='ltr'>qualium</span> <span class='ocrx_word' id='word_1_406' title='bbox 2626 3913 2773 3987; x_wconf 87' lang='lat' dir='ltr'>ubi-</span> 
     </span>
     <span class='ocr_line' id='line_1_43' title="bbox 605 3998 2776 4110; baseline 0.004 -38"><span class='ocrx_word' id='word_1_407' title='bbox 605 4020 747 4100; x_wconf 74' lang='lat' dir='ltr'>,que</span> <span class='ocrx_word' id='word_1_408' title='bbox 763 3998 1040 4098; x_wconf 86' lang='lat' dir='ltr'>prodiga</span> <span class='ocrx_word' id='word_1_409' title='bbox 1055 4018 1277 4102; x_wconf 72' lang='lat' dir='ltr'>natura</span> <span class='ocrx_word' id='word_1_410' title='bbox 1296 3999 1388 4076; x_wconf 83' lang='lat' dir='ltr'>est</span> <span class='ocrx_word' id='word_1_411' title='bbox 1410 4056 1432 4093; x_wconf 87' lang='lat'>‚</span> <span class='ocrx_word' id='word_1_412' title='bbox 1479 4004 1639 4080; x_wconf 84' lang='lat' dir='ltr'>nulli</span> <span class='ocrx_word' id='word_1_413' title='bbox 1654 4004 1839 4083; x_wconf 88' lang='lat' dir='ltr'>bono</span> <span class='ocrx_word' id='word_1_414' title='bbox 1861 4007 1992 4082; x_wconf 88' lang='lat' dir='ltr'>usui</span> <span class='ocrx_word' id='word_1_415' title='bbox 2014 4009 2234 4090; x_wconf 76' lang='lat' dir='ltr'>berbae</span> <span class='ocrx_word' id='word_1_416' title='bbox 2252 4007 2483 4110; x_wconf 87' lang='lat' dir='ltr'>sponte</span> <span class='ocrx_word' id='word_1_417' title='bbox 2503 4007 2776 4082; x_wconf 71' lang='lat' dir='ltr'>nascun-</span> 
     </span>
    </p>
   </div>
   <div class='ocr_carea' id='block_1_8' title="bbox 2638 4123 2778 4176">
    <p class='ocr_par' dir='ltr' id='par_1_10' title="bbox 2638 4123 2778 4176">
     <span class='ocr_line' id='line_1_44' title="bbox 2638 4123 2778 4176; baseline -0.007 0"><span class='ocrx_word' id='word_1_418' title='bbox 2638 4123 2778 4176; x_wconf 70' lang='lat' dir='ltr'>tur·</span> 
     </span>
    </p>
   </div>
  </div>
 </body>
</html>
